1988 3184
685 93 1129 137 ADDITAMENTA.
1638 92 1745 144 327

182 228 313 272 Item.
355 226 404 271 si
442 225 605 270 dolor
644 224 934 269 stomacho
974 223 1254 280 evenerit,
1293 223 1382 268 tali
1427 223 1531 269 oleo
1569 223 1748 270 fomen-

26 292 29 319 s
61 293 204 339 tabis.
252 295 296 347 Bc
334 292 552 346 storacis,
593 290 842 346 absinthii,
889 289 1046 346 aloae,
1088 289 1309 334 mastices
1349 304 1440 334 ana
1470 301 1528 339 —1-
1551 290 1585 334 I.
1628 290 1747 337 haec

62 360 261 405 linteolo
292 359 444 417 ligata
474 358 692 402 infundes
722 356 774 401 in
805 355 897 401 olei
935 357 985 400 SrS
1008 356 1030 399 Ι
1061 357 1109 400 et
1139 355 1238 400 vini
1268 355 1471 413 hemina,
1503 358 1552 401 et
1576 371 1746 413 coques

61 440 211 482 usque
242 425 404 470 vinum
434 425 745 469 consumatur.
792 422 902 466 hinc
935 421 1197 466 diutissime
1237 422 1528 466 stomachum
1570 423 1747 468 fomen-

62 491 204 536 tabis.
252 486 490 547 epithema
537 488 843 533 diamelilotu.
894 487 1028 532 dabis
1076 488 1222 532 etiam
1260 488 1326 532 eis
1371 488 1534 534 bibere
1574 489 1748 546 cymini
1793 501 1814 534 5

62 557 160 602 assi
191 557 400 602 cocleare
433 555 681 599 dimidium
712 557 759 599 et
790 554 980 599 seminis
1017 554 1115 611 apii
1145 555 1425 599 tantundem
1456 569 1512 599 ex
1543 570 1668 612 aqua
1697 555 1749 600 in

62 638 159 679 qua
188 637 296 668 rosa
328 623 523 667 decocta
554 623 637 666 est.

183 689 329 733 Sane
373 687 420 731 si
460 687 756 744 singultus
794 685 1046 742 frigidus
1086 700 1143 731 ex
1180 686 1398 743 flegmate
1443 690 1746 744 permanente

64 754 304 797 stomacho
360 752 624 807 obvenerit,
679 751 800 795 hanc
857 753 979 795 dabo
1041 753 1294 809 potionem.
1356 753 1532 810 piperis
1569 765 1630 802 ÷
1667 754 1744 810 III,

60 819 263 864 castorei
292 830 351 867 -ζ-
375 819 416 875 Ι,
448 818 499 861 in
540 818 781 875 pulverem
819 817 1097 878 <redacta>.
1156 818 1291 862 dabis
1330 817 1381 861 in
1427 832 1551 874 aqua
1590 818 1747 863 calida
1771 831 1813 863 10

60 885 271 929 cocleare
294 885 328 928 I.

178 951 318 994 Item
349 949 524 994 aliter
555 951 624 994 ad
664 949 992 1006 singultum.
1039 949 1236 1006 piperis,
1281 950 1483 994 castorei
1521 965 1613 994 aua
1644 951 1747 999 -:-1

59 1031 167 1062 cum
205 1016 362 1060 calida
398 1016 549 1061 bibat.
603 1016 719 1060 item
755 1030 920 1059 manus
964 1014 1063 1059 eius
1113 1015 1275 1058 ambas
1322 1014 1372 1058 in
1419 1029 1542 1071 aqua
1589 1016 1745 1060 calida

60 1083 209 1127 facias
241 1085 413 1131 tenere.
461 1082 577 1126 item
609 1082 801 1126 anulum
832 1080 1019 1125 assidue
1051 1095 1157 1124 cum
1190 1080 1353 1138 digitis
1383 1081 1744 1126 medicinalibus

62 1150 120 1194 de
153 1150 316 1193 dextra
353 1163 495 1191 manu
533 1148 584 1191 in
625 1148 863 1192 sinistram
903 1149 1064 1203 duces,
1107 1148 1163 1191 de
1196 1146 1387 1191 sinistra
1426 1147 1476 1190 in
1516 1148 1742 1194 dextram.
1769 1160 1811 1192 15

59 1215 175 1260 item
190 1229 360 1259 nomen
376 1214 474 1259 eius
491 1214 543 1257 in
566 1229 708 1258 manu
732 1214 832 1258 eius
848 1214 1094 1257 retroactis
1119 1213 1291 1257 litteris
1318 1213 1491 1257 scribes
1517 1216 1565 1258 et
1588 1214 1744 1270 legere

60 1281 196 1327 illum
226 1282 315 1325 hoc
345 1295 515 1325 nomen
546 1280 704 1325 facies,
754 1280 792 1323 si
819 1282 977 1323 autem
1007 1279 1246 1323 litteratus
1277 1293 1372 1323 non
1402 1279 1557 1336 fuerit,
1590 1280 1745 1337 ipsum

59 1362 229 1393 nomen
261 1348 318 1391 de
349 1361 491 1391 manu
523 1347 622 1391 eius
663 1361 719 1391 ex
762 1360 884 1401 aqua
924 1345 1080 1389 calida
1119 1345 1325 1401 lavabis,
1359 1347 1406 1389 et
1436 1345 1586 1390 bibat.
1633 1361 1744 1390 nam

60 1417 109 1459 et
139 1414 243 1458 loco
275 1413 430 1457 calido
464 1413 503 1456 si
535 1413 703 1469 iaceat,
735 1412 935 1455 multum
965 1411 1111 1468 iuvat,
1146 1414 1193 1455 et
1223 1414 1386 1467 pectus
1420 1411 1518 1455 eius
1552 1426 1608 1456 ex
1640 1412 1742 1456 oleo

59 1479 257 1523 nardino
288 1478 364 1523 vel
396 1478 587 1534 cyprino
613 1477 820 1533 fricabis,
853 1480 900 1521 et
924 1477 1172 1520 adrianum
1197 1477 1425 1534 optimum
1454 1478 1589 1533 potui
1615 1479 1740 1534 dato,
1767 1489 1809 1521 20

60 1559 142 1590 seu
176 1544 615 1600 diatrionpepereon
645 1543 722 1588 vel
755 1544 1048 1587 diatessaron
1080 1557 1256 1587 summe
1287 1543 1416 1588 facit.

179 1611 412 1669 [Fastidio
445 1610 682 1654 incidente
709 1646 716 1654 .
747 1646 755 1654 .
784 1646 792 1654 .
818 1610 898 1654 Pr.

337 1729 415 1773 Ad
445 1730 507 1772 id.
534 1729 604 1782 II,
628 1731 688 1771 29
714 1730 790 1783 (90
816 1733 920 1784 post
950 1726 1143 1771 valeant
1175 1727 1473 1783 abstergere).

178 1794 412 1838 Rafanum
451 1807 556 1836 cum
593 1791 731 1835 melle
764 1793 811 1835 et
854 1794 987 1836 aceto
1028 1793 1150 1837 edat.
1206 1792 1472 1837 vettonicae
1502 1799 1531 1844 5
1554 1793 1598 1836 H
1637 1807 1742 1838 cum

60 1875 212 1917 aquae
244 1859 423 1903 mulsae
456 1858 606 1915 cyatis
631 1858 695 1900 III
725 1857 874 1914 bibat,
907 1858 1022 1902 mire
1056 1859 1313 1903 sanabitur.
1764 1876 1806 1908 25

339 1970 417 2014 Ad
446 1970 507 2012 id.
534 1969 604 2012 II.
628 1971 690 2012 29
713 1970 787 2024 (91
814 1975 920 2024 post
949 1971 1104 2012 murta
1136 1971 1270 2013 cocta
1300 1969 1472 2027 fuerit).

181 2036 238 2080 Si
267 2035 541 2079 nimietas
573 2047 703 2078 vero
728 2034 974 2077 vomitus
998 2035 1177 2079 fuerit
1207 2035 1533 2093 hominemque
1557 2037 1741 2082 vexarit

59 2103 272 2158 nihilque
305 2100 399 2145 cibi
428 2100 664 2144 continere
687 2099 874 2156 poterit.
915 2104 955 2155 15(
980 2100 1110 2143 aneti
1133 2108 1160 2150 5
1184 2101 1219 2157 Ι,
1250 2101 1426 2157 piperis
1450 2110 1478 2153 5
1503 2105 1738 2159 quattuor,

62 2168 236 2224 cymini
266 2174 294 2219 5
332 2168 567 2222 quattuor.
615 2166 731 2209 haec
779 2161 944 2209 omnia
971 2165 1086 2209 trita
1132 2167 1403 2211 tenuissime
1452 2168 1587 2211 dabis
1635 2183 1741 2212 cum

63 2247 187 2289 aqua
217 2233 268 2276 in
299 2246 392 2288 qua
424 2230 600 2274 coxeris
632 2232 839 2274 mentam
870 2233 918 2275 et
947 2231 1074 2275 mala
1106 2232 1307 2287 cydonia
1337 2233 1413 2277 vel
1445 2234 1738 2277 summitates
1763 2255 1806 2286 30

60 2301 246 2343 teneras
287 2298 343 2341 de
382 2296 559 2341 vitibus
601 2298 683 2340 aut
720 2299 922 2340 murtam
959 2297 1171 2342 viridem.
1217 2298 1362 2341 addes
1400 2298 1473 2342 ius
1514 2299 1660 2343 etiam
1692 2301 1740 2345 et

182 2479 206 2517 1
239 2475 360 2518 rubr.
388 2474 425 2517 b.
549 2453 667 2516 stori'i
703 2475 740 2517 b.
863 2477 888 2515 2
921 2474 1103 2515 storace
1136 2474 1173 2516 b.
1307 2472 1424 2518 aloe.
1457 2472 1664 2518 mastice.
1699 2475 1736 2519 b.

61 2567 90 2606 4
122 2534 244 2606 81οῶ
277 2563 314 2606 b.
467 2564 493 2603 5
523 2560 731 2617 Epitima
765 2559 844 2604 dia
874 2559 1101 2604 meliloffi.
1134 2561 1258 2604 rubr.
1293 2562 1331 2604 b.
1484 2565 1509 2604 8
1541 2563 1663 2606 rubr.
1698 2564 1735 2607 b.

64 2625 120 2665 10
149 2627 171 2663 ῑ
199 2620 339 2677 pulve
373 2619 464 2662 dab
499 2621 537 2663 b.
692 2625 744 2662 12
775 2620 899 2663 rubr.
925 2621 963 2663 b.
1117 2622 1171 2661 13
1203 2617 1298 2663 bib.
1325 2620 1363 2663 b.
1487 2624 1541 2662 15
1574 2620 1668 2663 duE
1698 2622 1735 2667 b.

64 2684 119 2723 16
150 2678 339 2723 retratis
376 2680 412 2722 b.
565 2677 750 2734 scriptis
783 2679 821 2722 b.
952 2680 1006 2720 18
1039 2676 1120 2720 bib
1153 2679 1191 2721 b.
1315 2682 1370 2721 20
1400 2678 1547 2721 nardo
1580 2680 1619 2724 b.

61 2752 309 2797 adrianum
339 2753 364 2796 b
397 2752 469 2807 (sc.
502 2750 693 2808 vinum).
873 2754 927 2793 21
959 2749 1133 2808 pipeon
1164 2751 1201 2794 b.
1362 2755 1417 2794 24
1448 2741 1665 2811 vet⁹<inice
1698 2755 1736 2799 b.

61 2830 119 2870 οῦ
150 2815 212 2880 ai}
234 2824 386 2868 mulsa
409 2826 584 2880 cyatos.
610 2824 690 2868 111.
714 2823 788 2868 bb.
815 2825 853 2868 b.
969 2828 1024 2867 27
1051 2823 1099 2868 Si
1126 2825 1133 2880 Ι
1159 2822 1327 2867 mietas
1347 2826 1448 2880 (sic)
1471 2831 1547 2871 etc.
1573 2828 1670 2871 rub.
1697 2828 1736 2872 b.

59 2884 217 2929 fuerfit
241 2887 277 2929 b.
400 2887 454 2926 31
486 2883 660 2927 mirtha
690 2881 823 2927 virid'
859 2885 897 2928 b.
1019 2882 1154 2926 addis
1187 2884 1224 2928 b.
