1950 3172
179 130 286 185 218
718 129 1037 173 monom
1063 129 1368 174 furscum

177 265 408 321 familiari
446 267 830 333 amplectuntur·
854 266 1134 315 ministerio
1181 263 1422 332 naturali,
1464 270 1522 314 ut
1565 265 1620 314 in
1658 263 1868 331 singulis
1896 289 1899 291 >
1947 265 1950 293 ³

176 345 331 394 totius
355 343 576 407 corporis
603 339 877 390 substantia
900 344 1095 389 constet
1125 345 1176 388 et
1206 338 1416 389 alterum
1446 337 1655 388 alterius·-
1682 337 1865 389 amilio
1922 358 1925 359 ⁷

178 416 494 482 gubernetur.
571 414 783 479 ideoque
829 414 929 462 nisi
972 414 1253 478 praeceptis
1300 417 1349 462 et
1394 412 1654 462 adiutoriis
1701 413 1867 463 catho-

177 491 287 540 licis
326 491 488 554 primo
527 489 772 554 inventur,
810 486 954 536 aliter
983 486 1310 552 particulares
1350 502 1526 536 causae
1566 488 1732 536 curari
1767 501 1869 536 non

131 573 153 608 5
176 568 423 629 poterunt.
475 577 570 626 qua
602 561 663 611 de
687 577 743 610 re
768 563 865 610 erit
887 560 1031 610 nobis
1054 575 1187 610 nunc
1211 575 1444 610 curarum
1466 566 1868 626 praeceptorum-

178 652 273 702 que
320 636 578 686 exordium
631 634 1016 701 disponendum‚
1069 635 1355 700 insequenti
1408 636 1559 684 etiam
1610 634 1868 700 particulis

177 709 462 760 famulabor.

89 781 195 836 116
325 785 554 833 convenit
585 784 638 832 in
674 784 920 848 principio
953 782 1224 832 arthriticis
1261 782 1542 848 podagricis
1581 782 1659 832 vel
1690 782 1868 832 ischia-

177 859 323 924 dicis,
371 857 553 922 quibus
591 857 652 906 de
694 859 854 922 capite
901 872 1073 906 reuma
1118 856 1393 906 resolutum
1432 856 1740 906 descendens
1778 856 1868 906 has

110 944 153 976 10
175 934 431 997 passiones
471 931 610 998 fecit,
659 933 799 996 prius
838 932 1002 996 ipsum
1049 936 1196 996 caput
1241 930 1349 989 oleo
1388 945 1533 980 roseo
1572 930 1751 995 frigido
1790 929 1868 980 vel

175 1008 355 1055 ceteris
404 1005 648 1054 similibus
698 1006 922 1070 stypticis
972 1004 1288 1054 fomentando
1336 1006 1609 1069 constringi
1655 1010 1705 1054 et
1751 1003 1866 1054 soli-

176 1080 299 1146 dari,
339 1079 517 1128 dehinc
556 1080 792 1128 inferiora
829 1081 1044 1128 transitu
1083 1078 1307 1128 eiusdem
1337 1079 1573 1128 reumatis
1604 1078 1682 1127 vel
1721 1078 1866 1128 sedu-

174 1153 310 1203 litate
350 1159 520 1203 vexata
553 1153 724 1203 calidis
755 1152 938 1202 resolvi
968 1153 1046 1202 vel
1078 1153 1358 1219 depurgari‚
1396 1158 1452 1202 ut
1483 1158 1559 1202 est
1591 1151 1687 1201 olei
1718 1168 1866 1202 cucu-

174 1265 453 1310 corrioribus
494 1266 544 1322 V,
577 1265 698 1323 (sub)
731 1265 1002 1322 corporibus
1034 1266 1099 1310 B:
1141 1264 1363 1324 (singula)
1395 1264 1696 1309 interioribus
1723 1279 1749 1310 ‘r
1779 1264 1867 1322 (in-

173 1324 420 1391 ferioribus
452 1324 672 1368 membris
696 1340 738 1383 9,
770 1325 981 1369 membra
1011 1323 1235 1369 inferiora
1270 1325 1414 1381 Gar),
1447 1323 1651 1381 (singula
1681 1323 1747 1380 in)
1769 1337 1867 1368 cor·

176 1383 604 1487 porstiuisnicrifgterio
632 1443 772 1489 Gan:
804 1443 1028 1499 mysterio
1061 1443 1137 1501 V9
1153 1443 1308 1499 (ffel),
1341 1442 1550 1486 misterio
1567 1444 1652 1487 ΥΒ.
1747 1446 1772 1485 2
1799 1441 1865 1486 al-

172 1518 325 1561 terum
357 1517 526 1574 (Gar.):
562 1517 632 1560 alt
654 1532 692 1573 r,
726 1516 847 1561 alter
876 1532 905 1575 9
924 1517 1036 1572 Gal„
1071 1516 1221 1561 altera
1254 1518 1351 1574 (sic)
1382 1516 1487 1562 VB.
1640 1520 1667 1559 3
1698 1515 1868 1572 guber-

173 1578 310 1619 netur
339 1577 467 1621 WB
476 1591 505 1633 9
538 1577 611 1632 (cf.
649 1576 799 1633 Germ:
839 1578 1070 1620 —nentur
1110 1576 1206 1622 θεῖ.
1397 1575 1596 1631 ideoque
1635 1575 1729 1619 VB
1748 1575 1867 1620 Gel.:

173 1635 296 1678 unde
329 1651 361 1693 q
391 1636 551 1692 (quod)
583 1651 620 1691 r,
654 1636 777 1679 unde
801 1636 1011 1693 9(Gar.).
1105 1640 1131 1679 5
1163 1636 1385 1691 poterunt
1407 1636 1618 1692 ByGel.:
1652 1633 1806 1677 -rint
1828 1649 1866 1689 r,

172 1695 426 1750 potuerunt
465 1695 509 1739 V
528 1696 742 1751 (possunt
775 1695 919 1752 Geton).
1102 1708 1196 1751 qua
1239 1694 1297 1738 de
1328 1707 1377 1738 re
1417 1693 1507 1738 erit
1538 1708 1621 1739 om.
1649 1708 1686 1739 r.

172 1754 619 1809 praeceptorumque
652 1753 895 1798 exordium
924 1753 1169 1811 disponere
1192 1754 1321 1798 rVB
1346 1752 1704 1810 (disponendum
1730 1752 1866 1808 aem:

173 1814 468 1868 preceptores
517 1813 599 1868 qui
653 1812 896 1857 exordium
950 1813 1260 1870 disponuntur
1306 1812 1586 1869 (disponant
1634 1812 1746 1857 Gar.
1786 1812 1869 1856 ubi

176 1872 327 1927 erunt)
358 1886 398 1928 9.
582 1879 607 1916 6
646 1872 913 1928 insequenti
943 1874 1070 1917 rVB
1089 1873 1207 1917 Gez.=
1256 1871 1307 1915 in
1346 1870 1650 1927 sequentibus
1672 1870 1865 1928 9(Gar).

174 1929 472 1985 particularis
511 1946 548 1975 r.
762 1937 788 1976 8
830 1931 1058 1976 Convenit
1090 1968 1098 1977 .
1129 1966 1136 1973 .
1165 1967 1173 1975 .
1206 1931 1312 1975 hinc
1357 1931 1612 1987 capitulum
1655 1931 1868 1974 ultimum

173 1989 341 2044 incipit
372 1990 410 2033 b.
533 1989 609 2034 vel
641 1990 798 2048 (pod.)
829 2005 868 2036 r.
1001 1996 1027 2035 9
1058 1990 1317 2034 resolutum
1355 1990 1422 2035 B:
1456 1990 1566 2033 —ta
1595 1988 1675 2033 rV
1701 1987 1867 2045 (disso-

174 2046 326 2090 lutum
351 2049 389 2103 b,
416 2047 646 2093 dissoluta
669 2065 711 2107 9,
738 2050 943 2094 solutum
967 2051 1111 2107 Gara).
1258 2054 1313 2093 10
1330 2048 1469 2105 ipsud
1494 2049 1547 2093 V.
1669 2051 1723 2098 11
1758 2060 1865 2091 con-

176 2105 368 2149 solidari
399 2122 427 2164 9
459 2109 569 2163 (non
603 2109 746 2165 Gar).
945 2114 1000 2153 12
1041 2108 1294 2153 sedulitate
1335 2109 1427 2153 VB
1455 2108 1571 2153 Gal:
1618 2105 1867 2150 debilitate

174 2179 203 2222 9
227 2165 390 2221 (Gema).
574 2171 627 2210 13
673 2169 846 2212 vexata
892 2170 946 2212 ut
992 2170 1064 2212 est
1091 2170 1096 2224 Ι
1125 2167 1225 2212 olei>
1264 2166 1408 2211 calidi
1455 2164 1628 2211 resolvi
1668 2164 1747 2210 vel
1789 2165 1868 2209 de·
1948 2221 1950 2224 Ι

174 2224 379 2280 purgari.
412 2224 526 2268 item
558 2227 869 2271 cucumeracii
899 2227 976 2271 vel
1006 2227 1255 2271 fricatione
1285 2225 1543 2282 perunctio.
1583 2223 1866 2268 flebothomo

173 2283 486 2338 perveniendo
528 2285 578 2341 V,
619 2288 791 2330 vexata
831 2288 914 2330 aut
946 2300 1002 2330 ex
1040 2286 1142 2330 oleo
1176 2285 1331 2330 calido
1362 2301 1397 2330 r.
1430 2301 1471 2329 v.
1507 2285 1551 2329 d.
1583 2283 1699 2327 item
1731 2296 1866 2326 cucu-

174 2341 361 2386 meratii
390 2342 467 2387 vel
496 2343 741 2389 fricatione
765 2345 843 2389 vel
863 2346 1167 2402 perunctione
1190 2345 1491 2389 flebotomum
1520 2341 1865 2400 praeveniendo

174 2401 234 2457 B,
266 2403 438 2445 vexata
468 2401 518 2445 id
550 2404 622 2447 est
654 2404 807 2449 calido
839 2404 1037 2449 resoluit
1065 2405 1143 2449 vel
1171 2403 1434 2460 depurgari.
1466 2403 1537 2447 ita
1561 2400 1866 2446 cucumeratii

174 2459 251 2502 vel
273 2459 544 2506 fricationes
568 2463 826 2519 perunctio.
856 2463 1140 2508 fleuothomo
1162 2462 1484 2508 subveniendfi
1502 2462 1574 2506 est
1588 2476 1617 2520 9
1634 2462 1706 2518 (cf.
1720 2461 1864 2517 Gar),
1899 2519 1903 2520 ⁷

174 2520 346 2563 vexata
387 2519 490 2564 fotu
530 2521 621 2566 olei
661 2522 806 2566 calidi
843 2522 1016 2567 resolvi
1047 2538 1089 2567 v.
1131 2522 1174 2567 d.
1214 2522 1330 2566 item
1368 2535 1464 2566 cuc.
1502 2520 1580 2565 vel
1616 2518 1865 2563 fricatione

175 2577 252 2620 vel
281 2578 598 2634 perunctione.
641 2581 943 2637 phlebotomo
974 2581 1270 2638 prohibendfi
1305 2582 1400 2626 Gel.
1447 2582 1559 2626 vitio
1589 2581 1642 2624 in
1671 2580 1742 2623 Ms
1772 2591 1863 2622 om-

174 2636 312 2680 nibus
335 2650 389 2681 ex
411 2640 742 2694 anticipatione
764 2641 817 2684 in
840 2641 1079 2698 archetypo
1104 2642 1272 2685 codicis
1294 2640 1536 2684 Varronea
1553 2639 1790 2684 verborum
1810 2637 1864 2679 ut

176 2694 259 2758 ⁶5⁰.
279 2693 371 2738 olei
400 2701 511 2740 nato
535 2697 665 2752 (V=
690 2699 735 2743 B
744 2713 772 2756 9
792 2699 905 2744 Gar.
931 2721 987 2736 =
1015 2700 1144 2755 Gal).
1170 2713 1260 2756 pro
1289 2700 1362 2743 his
1392 2699 1458 2743 sic
1488 2699 1626 2742 habet
1651 2712 1678 2742 r
1707 2696 1755 2740 et
1787 2708 1863 2739 ca-

175 2749 285 2794 lidis
309 2752 481 2797 resolvi
505 2756 552 2798 et
576 2755 840 2813 depurgari.
865 2758 920 2800 ut
943 2759 1016 2802 est
1038 2757 1131 2801 olei
1154 2756 1465 2802 cucumeracii
1486 2771 1593 2801 cum
1615 2753 1862 2800 fricatione

174 2809 429 2864 perunctio,
472 2813 529 2865 cf.
563 2814 609 2858 b:
649 2816 813 2860 vetatii
844 2817 1141 2874 (veteratum)
1172 2817 1279 2860 locu
1309 2816 1415 2860 reb9
1445 2814 1612 2860 calidis
1652 2811 1858 2858 dissolvi.

175 2869 198 2910 t
225 2867 419 2924 purgari
449 2871 502 2912 ut
533 2879 589 2918 -ἰυ
614 2872 682 2915 oti
712 2874 1023 2919 cucumeracii
1055 2879 1110 2918 cii
1148 2874 1354 2920 fricacfie
1389 2874 1585 2934 pfictiofi
1619 2872 1862 2919 adhibn‘da

178 2939 206 2985 ἶ
241 2926 495 2970 flebotomfi
525 2930 771 2985 §veniend
805 2933 1089 2991 (pveniendfi
1120 2939 1226 2979 ante
1255 2936 1400 2991 coron).
