1950 3172
167 101 306 180 ’256
550 193 556 198 .
722 124 1040 182 Tflnonom
1067 123 1367 168 muscum

189 260 248 304 <et
293 271 460 304 erucae
509 257 684 302 semine
698 293 709 314 ,
764 255 911 301 etiam
955 254 1122 301 ceteris
1177 254 1424 300 adiutoriis
1476 269 1564 314 par
1614 255 1895 303 beneficium

192 316 589 374 ministrantibus,
622 328 742 373 quae
767 328 911 372 quam
932 313 1136 360 maxime
1166 313 1218 359 in
1246 313 1396 360 libro
1425 313 1739 373 fysicorum
1765 329 1891 372 com-
1943 345 1947 348 -

188 375 383 422 modius
415 374 718 434 disponimus,

867 449 895 493 Ζ.
922 449 957 492 Ι
978 454 1014 493 c.'
1039 451 1100 494 25
1116 449 1219 504 (75)

637 524 692 568 de
721 523 944 579 stirpibus
973 522 1042 568 vel
1072 523 1247 567 ossibus
1276 522 1459 579 infimis:

199 634 212 644 .
231 634 270 642 ..
306 597 348 642 si
377 610 488 643 vero
527 596 578 641 in
614 596 832 641 faucibus
872 610 922 641 os
969 597 1054 640 aut
1091 595 1274 653 ahquid
1313 595 1589 654 inhaeserit,
1636 610 1809 653 aquam
1844 598 1895 643 et

190 656 357 702 oleum
403 656 611 701 calidum
649 655 890 701 contineat
931 654 983 700 in
1020 669 1099 700 ore
1138 658 1185 700 et
1232 656 1541 723 spontaneum
1586 655 1748 702 exiliet
1793 656 1895 702 sine

198 730 344 762 mora.
393 717 502 761 sunt
541 718 590 760 et
628 715 725 760 alia
771 714 1026 772 fysicorum
1068 714 1309 759 beneficiis
1354 714 1620 774 publicata,
1666 716 1750 760 sed
1795 729 1893 762 suo

199 775 327 820 loco
367 777 423 820 et
460 777 612 832 temp
623 789 650 835 o
658 788 715 819 re
755 774 1117 819 conscribentur.
1159 775 1244 819 ubi
1274 789 1364 836 pro
1408 775 1585 820 ultimis
1624 777 1771 822 verbis
1810 789 1894 822 sec.

200 836 298 880 cod.
322 835 475 880 Berol.
499 835 607 880 haec
627 835 870 879 subiunxit
898 835 1162 879 recentioris
1183 834 1398 879 editionis
1425 834 1713 880 Priscianeae
1736 840 1897 880 auctor
1919 845 1921 847 ’

194 895 334 952 [sunt
365 895 413 938 et
443 894 561 937 haec
605 892 834 937 beneficia
878 891 1133 949 fysicorum
1178 893 1353 949 optime
1401 893 1705 949 comprobata
1751 907 1895 950 quae

201 952 335 998 huic
365 952 491 998 loco
525 951 802 997 adiuncta
834 966 862 996 a
891 951 1058 996 nobis
1090 951 1375 1009 profiteor
1407 965 1531 997 esse
1562 958 1640 998 etc.

825 1056 883 1111 cf.
909 1057 939 1101 z.
964 1056 999 1100 Ι
1022 1070 1057 1100 c.
1082 1058 1141 1100 21
1159 1059 1260 1111 (66)

197 1132 258 1175 -de
290 1130 551 1176 vulneribus
581 1132 726 1176 variis
756 1132 907 1175 causis
936 1131 1127 1186 inflictis
1150 1131 1414 1186 corporibus
1439 1131 1541 1185 (ubi
1569 1135 1612 1176 et
1642 1130 1896 1175 secundum

200 1189 376 1247 sysicos
408 1191 646 1248 quaedam,
676 1195 730 1235 ut
761 1189 818 1234 de
850 1188 1182 1246 experimentis
1206 1190 1250 1245 Ι,
1271 1191 1319 1245 2,
1342 1194 1370 1235 7
1395 1191 1505 1246 etc).

324 1396 404 1441 Ad
435 1396 869 1441 Antidotarium
911 1397 1138 1454 quoddam
1169 1397 1453 1454 deperditum
1479 1399 1593 1453 (non
1623 1398 1743 1454 quod
1773 1402 1900 1443 extat

203 1457 514 1512 Physicorum
542 1457 798 1513 fraymento
829 1457 1125 1504 Bruxellensi
1155 1457 1384 1502 adnexum
1413 1461 1457 1502 et
1472 1470 1561 1514 pro
1586 1457 1703 1502 libro
1735 1462 1899 1515 quarto

198 1516 437 1571 additum)
464 1516 730 1572 pertineant
760 1529 874 1572 quae
903 1516 969 1560 sic
997 1517 1225 1561 citantur.-

320 1591 526 1647 primum
556 1590 615 1634 ab
646 1590 746 1646 ipso
778 1588 1015 1634 Prisciani
1045 1590 1074 1635 l.
1098 1591 1135 1634 Ι
1158 1603 1192 1635 c.
1220 1593 1248 1634 '7
1267 1591 1367 1645 (18)
1402 1588 1460 1634 de
1491 1588 1767 1646 alopeciosis

329 1691 369 1701 ..
389 1690 399 1700 .
424 1655 585 1700 ieran
617 1655 740 1699 dabo
773 1669 894 1711 quae
924 1658 1034 1713 post
1064 1655 1372 1702 ordinabitur.

206 1715 236 1771 ιὴ
272 1713 375 1771 feo&
405 1714 434 1771 ἡ
468 1714 549 1759 διὰ
590 1716 946 1759 κολοκυνθίὸων
977 1717 1168 1761 habetur
1196 1729 1353 1774 yraece
1382 1716 1435 1760 in
1466 1715 1643 1772 Eupor.
1680 1715 1756 1761 Ps.
1794 1714 1898 1761 Gal.

209 1776 316 1831 (XI
320 1775 372 1831 V,
402 1777 542 1831 327),
578 1775 656 1819 sed
693 1775 836 1819 aliam
873 1776 1192 1830 confectionem
1224 1775 1468 1821 Theodoro
1499 1776 1679 1833 supplet
1717 1775 1784 1821 ed.
1816 1788 1898 1820 sec.

201 1835 335 1891 (ber)
360 1847 481 1891 quae
508 1833 575 1878 sic
599 1832 869 1879 conficitur.
890 1870 898 1879 .
920 1836 1276 1880 ,convenientem
1298 1848 1400 1879 cum
1419 1835 1539 1879 Gera
1564 1834 1901 1880 Vindiciani

202 1910 262 1953 >in
285 1907 448 1954 Antia.
478 1908 666 1953 Vindoe.
694 1911 783 1953 109
806 1908 839 1963 f.
866 1911 980 1951 108²
998 1913 1045 1952 1:
1077 1908 1174 1952 Ant
1197 1907 1318 1952 Gera
1340 1906 1600 1952 vindiciani
1623 1906 1705 1963 qui
1726 1907 1901 1964 purgat

210 1966 370 2011 omnia
416 1966 537 2011 vitia
576 1966 794 2024 corporis.
858 1966 993 2010 Facit
1032 1968 1093 2011 ad
1139 1966 1426 2011 menamenis
1474 1968 1521 2010 et
1566 1964 1899 2010 melancolicis.

206 2025 448 2071 hictericis
481 2027 529 2070 et
561 2025 770 2083 epaticis.
805 2025 1088 2082 spleneticiS.
1123 2025 1427 2071 elefantiosiS.
1462 2027 1510 2069 et
1541 2025 1604 2069 ad
1635 2026 1899 2069 cataractas

202 2100 452 2145 oculorum
475 2102 525 2145 et
548 2100 610 2144 ad
632 2099 873 2156 paralisin.
906 2094 1001 2144 Das
1033 2099 1292 2145 infantibus
1319 2089 1363 2145 d.
1379 2099 1432 2144 11.
1464 2097 1741 2143 Mulieribus
1760 2089 1803 2144 d.
1821 2098 1899 2142 ΠΙ.

207 2174 338 2218 viris
361 2185 419 2224 -2-
438 2174 482 2219 s,
514 2175 558 2228 R
580 2173 681 2234 hec.
715 2172 1059 2229 Goloquintida.
1092 2173 1223 2219 Aioe.
1257 2173 1482 2232 Gingiber
1513 2155 1671 2218 anai.
1695 2173 1728 2219 1.
1762 2171 1902 2230 Piper

203 2233 385 2278 album.
402 2232 542 2290 Piper
557 2232 762 2290 longum.
779 2232 920 2289 Piper
934 2232 1134 2290 nigrum.
1161 2232 1429 2278 Camidreos
1442 2231 1701 2277 Scamonia.
1724 2230 1899 2276 Cassia.

213 2292 419 2338 Costum.
450 2291 738 2337 Euforbium.
771 2291 984 2338 Mastice.
1018 2291 1139 2337 Salis
1166 2291 1448 2336 ammoniaci
1471 2290 1697 2341 ana÷S.
1731 2290 1899 2347 Myrra.

206 2366 421 2435 Crocum.
470 2365 827 2411 cinnamomum
865 2378 956 2411 ana
996 2356 1038 2411 d.
1063 2366 1119 2411 H.
1166 2365 1459 2424 Epithimum
1483 2355 1526 2410 d.
1551 2365 1627 2410 Ἦ.
1661 2362 1903 2407 Absinthii

207 2454 352 2484 *sucus
378 2441 422 2486 d.
446 2439 502 2485 V.
534 2439 630 2484 Mel
661 2439 993 2497 despumatum
1024 2440 1145 2496 quod
1182 2439 1356 2485 sufficit
1385 2440 1436 2484 in
1464 2438 1631 2484 mulsa.

326 2519 565 2571 praeterea
595 2514 722 2571 apud
747 2513 1022 2570 Garipotum
1046 2518 1098 2570 3,
1121 2518 1184 2559 24
1215 2514 1276 2559 ad
1304 2515 1439 2571 finem
1461 2513 1657 2572 capituli
1685 2511 1906 2570 exscripti

204 2574 291 2619 1³8.
314 2574 482 2618 Galeni
502 2574 633 2629 (III)
663 2574 717 2617 de
747 2574 901 2617 coticis
929 2574 1224 2631 subiunyitwr

338 2638 589 2683 Conditum
620 2638 779 2682 colicis
812 2641 1055 2695 expertum
1084 2638 1314 2683 Prisciani
1344 2637 1589 2683 Theodori.
1630 2636 1755 2693 quod
1786 2635 1902 2680 reci-

204 2698 290 2753 -pit
318 2696 593 2754 petroselini
622 2697 914 2742 macedonici
936 2704 1015 2744 etc.

206 2759 338 2812 quod
377 2758 625 2813 paululum
669 2759 722 2801 in
770 2758 946 2803 brevius
991 2763 1273 2803 contractum
1317 2757 1508 2803 assumit
1548 2756 1625 2801 ille
1661 2768 1725 2811 ex·
1754 2754 1904 2800 codice

208 2828 307 2870 -quo
359 2817 510 2860 utitur
561 2816 637 2860 Ps.
694 2816 860 2860 Galeni
911 2818 1236 2862 additamentis
1287 2830 1344 2862 ex
1394 2815 1624 2860 Theodori
1668 2812 1904 2861 Prisciani

208 2873 412 2917 <editione
443 2875 641 2918 secunda
669 2879 827 2930 aucto,
858 2877 1007 2933 qualis
1029 2881 1156 2921 extat
1182 2877 1277 2921 eod.
1302 2876 1454 2934 Luyd.
1479 2874 1587 2919 Bat.
1610 2873 1689 2928 fol,
1715 2874 1793 2926 85,
1820 2871 1907 2915 ubi

207 2932 285 2976 sic
324 2931 489 2988 leyitur
518 2934 570 2976 in
615 2946 728 2978 cura
774 2933 1017 2980 colicorum
1056 2937 1173 2992 (cap.
1208 2939 1269 2980 70
1311 2934 1530 2992 explendo
1575 2932 1711 2977 verba
1754 2934 1904 2976 textus
