1950 3172
75 0 98 21 ,Ὗς
114 0 151 19 ⁷323·
208 7 213 10 .

24 59 30 67 ι

0 0 25 89 1,,

0 90 10 129 ἓ

675 122 1122 167 ADDITAMENTA.
1630 120 1736 173 277

175 267 336 297 sucum
365 252 473 297 rubi
502 251 746 297 tenerrimi
775 251 827 296 in
858 252 955 297 sole
985 252 1193 310 positum
1222 256 1277 307 ut
1305 253 1357 299 in
1386 252 1540 298 mellis
1572 253 1738 298 crassi-

56 318 271 364 tudinem
311 318 554 376 redigatur
597 317 733 375 potui
772 319 904 376 dato,
951 321 1000 363 et
1044 319 1213 375 quibus
1260 333 1401 378 supra
1446 318 1737 364 validissime

56 386 262 442 prodest.

176 451 248 510 Ut
270 451 478 496 iterum
504 453 698 495 currat
722 450 954 508 sanguis
977 464 1076 508 per
1098 465 1291 516 nares«
1323 452 1551 499 marrubii
1575 467 1736 498 sucum

59 517 98 561 si
129 516 234 574 quis
264 517 458 562 naribus
496 517 705 574 sorbeat,
747 530 856 561 mox
888 518 1187 574 prosequitur
1217 519 1407 577 sanguis
1441 519 1498 563 de
1528 519 1734 565 naribus.
1781 531 1802 564 5

57 605 136 650 Ad
157 606 207 661 I,
230 609 288 650 15
315 607 413 662 (45)
448 605 513 649 de
543 604 722 650 labiis
754 605 1124 662 crepantibus
1149 609 1273 663 (post
1294 607 1674 653 imbecillitatem
1696 613 1739 654 et

446 677 551 716 ante
582 686 679 728 cap.
714 671 771 715 de
804 671 1015 734 dentium
1046 673 1349 731 causatione).

176 737 366 782 Costum
397 739 445 781 et
474 737 618 781 bacas
648 736 772 780 lauri
804 737 939 781 simu]
980 738 1251 783 commisces
1283 742 1331 784 et
1360 740 1488 785 teris.
1551 743 1600 786 et
1631 754 1736 785 cum
1760 738 1902 798 (XVI)

54 802 194 847 melle
225 803 475 847 commixto
506 802 653 847 uteris
684 803 861 848 utilius,

175 868 300 914 Oris
333 869 563 913 odorem
595 883 786 913 suavem
817 871 865 913 et
903 870 1067 915 dentes
1106 871 1252 916 facies
1291 872 1539 929 candidos,
1579 872 1734 918 farina
1758 884 1802 917 10

54 935 219 980 hordei
250 934 348 980 sale
380 937 429 980 et
466 935 605 980 melle
645 935 908 980 commixtis
940 936 981 979 si
1019 937 1129 982 inde
1169 938 1355 995 saepius
1396 939 1559 983 dentes
1597 939 1736 984 frica-

53 1001 188 1046 veris.
253 1001 351 1045 ori
370 1016 390 1044 s
437 1015 694 1045 umores
735 1001 933 1046 siccabis
975 1002 1014 1046 si
1051 1003 1263 1059 pyrethri
1299 1004 1508 1048 radicem
1545 1004 1650 1060 quis
1688 1004 1739 1048 in

55 1067 151 1111 sole
192 1067 519 1123 submasticet,
563 1070 611 1111 et
650 1070 812 1124 aperto
859 1082 936 1112 ore
970 1069 1144 1114 sedeat.
1209 1070 1357 1114 omnis
1396 1084 1530 1115 umor
1568 1069 1738 1127 capitis

55 1133 331 1180 detrahitur.
380 1133 529 1178 aciem
561 1133 801 1178 oculorum
832 1134 1078 1179 clariorem
1100 1134 1231 1191 facit,
1264 1135 1346 1179 sed
1371 1137 1418 1179 et
1443 1135 1606 1180 dentes
1632 1149 1740 1179 con-

54 1200 222 1257 firmat,
256 1199 296 1244 si
328 1200 427 1244 eius
457 1200 699 1257 pulverem
730 1201 834 1257 quis
874 1201 1079 1258 gingivis
1112 1196 1332 1258 apponat.
1398 1201 1512 1245 oris
1544 1201 1739 1246 ulcera
1765 1213 1806 1247 15

57 1269 208 1322 sanat,
242 1266 283 1310 si
315 1266 468 1311 oleum
498 1281 683 1311 roseum
715 1267 860 1312 facies
891 1267 942 1311 in
974 1281 1051 1312 ore
1083 1267 1246 1330 teneri..
1292 1269 1340 1312 et-
1369 1267 1661 1325 plantaginis
1694 1270 1742 1312 et

53 1332 331 1389 portulacae
362 1332 437 1377 vel
469 1333 611 1377 intibi
643 1348 778 1378 sucus
811 1334 1029 1378 similiter
1060 1336 1292 1390 operatur.

117 1422 195 1466 Ad
217 1422 259 1477 Ι,
284 1425 344 1466 16
372 1424 472 1476 (48)
502 1421 580 1466 De
614 1422 869 1465 dentium
900 1422 1239 1466 causatione
1264 1425 1387 1480 (post
1416 1421 1678 1479 mitigabo).

181 1486 461 1531 Cucurbitae
502 1486 682 1531 sativae
724 1488 943 1532 decoctae
984 1502 1119 1532 sucus
1159 1488 1347 1545 tepidus
1378 1488 1428 1531 in
1467 1502 1545 1532 ore
1583 1490 1740 1532 tentus
1756 1489 1917 1547 (XVII)

57 1553 269 1597 dentium
301 1552 508 1597 dolorem
538 1552 758 1610 prohibet
789 1555 836 1597 et
873 1553 1189 1598 mobilitatem
1228 1568 1387 1598 eorum
1419 1555 1608 1599 statuet.
1671 1554 1739 1598 la-
1763 1570 1806 1601 20

53 1619 191 1676 pathi
229 1618 365 1662 radix
405 1619 761 1663 commasticata
801 1620 1011 1663 dentium
1056 1620 1262 1665 dolorem
1307 1619 1460 1677 tollit,
1509 1622 1557 1664 et
1603 1634 1738 1664 sucus

56 1684 329 1741 portulacae
364 1685 597 1729 decoctae.
662 1685 702 1728 si
734 1686 877 1729 cruda
909 1687 1200 1743 comedatur,
1243 1688 1394 1730 motos
1437 1687 1599 1730 dentes
1633 1699 1739 1730 con-

55 1750 226 1806 firmat,
262 1750 436 1811 ligatos
469 1764 525 1794 ex
557 1765 847 1808 quocumque
880 1752 984 1796 cibo
1016 1748 1198 1796 umores
1230 1752 1381 1796 factos
1414 1752 1556 1796 solvit
1588 1754 1636 1796 et
1666 1754 1739 1796 tu-

55 1831 205 1861 mores
238 1817 536 1874 gingivarum
567 1817 708 1862 tollit.
764 1816 952 1862 alumen
975 1821 1211 1863 umectum
1241 1819 1291 1862 in
1320 1821 1446 1863 testa
1479 1833 1617 1876 super
1642 1832 1739 1862 car-

56 1883 203 1927 bones
237 1883 438 1940 imponis
472 1886 519 1927 et
549 1883 654 1939 pari
691 1884 895 1940 pondere
925 1884 1060 1941 piper
1090 1885 1279 1941 tritum,
1312 1887 1360 1929 et
1389 1885 1578 1941 misces,
1612 1886 1660 1928 et
1690 1883 1740 1927 in
1763 1899 1805 1931 25

57 1950 246 1994 dentem
280 1950 361 2005 qui
395 1949 524 1994 dolet
555 1949 756 2006 imponis
798 1952 845 1994 et
882 1965 990 1995 mox
1028 1952 1163 1996 sedat
1203 1952 1421 1996 dolorem.
1484 1952 1559 1995 lac
1592 1950 1741 2007 capri-

57 2015 133 2060 fici
166 2016 297 2060 denti
330 2030 444 2060 cavo
478 2015 751 2072 impositum
781 2016 907 2060 idem
930 2016 1058 2062 facit.
1105 2017 1316 2074 pyrethri
1339 2017 1601 2061 radiculam
1625 2031 1740 2061 cavo

57 2082 188 2126 denti
243 2082 409 2126 inicito
465 2084 512 2126 et
567 2095 704 2138 super
758 2082 815 2126 de
862 2096 968 2127 cera
1013 2083 1263 2140 cooperito.
1325 2083 1391 2141 sic
1446 2082 1741 2128 chelidoniae

55 2147 231 2192 herbae
263 2148 350 2193 lac.

176 2214 334 2270 gallae
375 2217 423 2258 et
460 2214 607 2258 bacae
644 2213 768 2258 lauri
797 2214 997 2271 'pulvere
1039 2214 1228 2270 aequali
1265 2215 1470 2272 pondere
1508 2215 1559 2258 in
1597 2229 1742 2258 unum
1765 2228 1809 2260 30

56 2279 329 2337 commixto,
369 2294 474 2324 cum
507 2280 657 2337 digito
699 2280 885 2337 saepius
919 2281 1081 2325 dentes
1120 2280 1302 2326 fricato.
1367 2281 1576 2325 dolorem
1614 2279 1744 2324 tollit
1806 2324 1813 2331 ,

58 2349 105 2390 et
137 2360 320 2390 umores
355 2346 574 2390 desiccat.

173 2512 198 2550 2
233 2507 347 2551 datfi
379 2509 427 2551 et
458 2506 627 2562 quibus
660 2509 697 2552 b.
819 2507 1077 2551 vallissime
1111 2509 1149 2552 b.
1270 2510 1296 2551 8
1322 2507 1526 2551 comixtfi
1551 2508 1599 2551 et
1622 2506 1740 2551 tritu

55 2568 103 2609 et
128 2602 136 2610 .
166 2602 174 2610 .
202 2603 210 2611 .
239 2565 443 2610 comixtfi
478 2568 502 2610 b
521 2567 589 2623 (c).
771 2570 826 2609 10
860 2566 899 2609 si
921 2565 1076 2610 farina
1108 2565 1238 2610 ordei
1270 2566 1340 2610 sal
1373 2568 1420 2610 et
1442 2565 1582 2610 melle
1615 2579 1736 2610 com-

53 2624 202 2668 mixtii
235 2624 275 2668 si
304 2624 415 2668 inde
447 2626 472 2669 b
506 2626 628 2681 (item
658 2626 712 2681 c).
806 2629 860 2668 13
894 2627 942 2669 et
973 2640 1014 2670 c:
1049 2624 1093 2669 ei
1125 2627 1164 2670 b.
1270 2625 1436 2671 humor
1462 2628 1667 2682 (semper)
1695 2626 1734 2670 b.

57 2687 111 2726 14
144 2683 351 2727 detrahit
374 2697 409 2728 c.
503 2687 557 2727 16
583 2682 730 2727 facias
755 2697 790 2728 c.
886 2687 938 2727 19
957 2683 1129 2728 sective
1155 2685 1193 2728 b.
1226 2685 1283 2739 cf.
1307 2684 1401 2740 (Ps.
1435 2684 1559 2729 Pura.
1584 2685 1618 2739 f.
1643 2687 1737 2730 2512

53 2742 188 2796 Bas.)
210 2743 359 2787 Marc.
378 2756 426 2798 p.
452 2744 557 2797 123,
580 2744 655 2786 22.
806 2745 861 2786 20
893 2739 1096 2799 lappatii
1128 2745 1166 2787 b.
1301 2747 1356 2786 22
1389 2743 1531 2787 crada
1563 2744 1661 2800 (sic)
1695 2745 1733 2789 b.

55 2804 110 2843 23
142 2799 316 2856 ligatos
340 2801 405 2845 sic
437 2802 474 2845 b.
595 2814 777 2844 umores
797 2800 890 2856 (.9):
924 2814 1105 2845 amoros
1138 2803 1176 2846 b.
1299 2805 1355 2846 25
1386 2801 1544 2847 miscis
1577 2804 1615 2848 b.

55 2863 110 2902 28
127 2858 314 2905 inicito:
338 2858 477 2903 mitto
495 2860 532 2904 b.
627 2863 682 2902 29
701 2865 805 2916 post
820 2859 895 2904 lac
911 2861 1091 2918 siynum
1108 2862 1398 2919 parayraphi
1418 2863 1471 2906 in
1494 2862 1532 2906 b.
1609 2865 1662 2904 31
1690 2863 1737 2905 et

55 2931 159 2961 cum
177 2918 219 2962 d.
239 2920 277 2963 b.
397 2921 453 2963 32
464 2922 570 2976 post
586 2917 794 2963 desiccat
809 2925 1059 2977 sequntur
1074 2920 1340 2977 dentifricia
1361 2920 1588 2966 Theodori
1604 2921 1645 2977 Ι,
1662 2923 1734 2965 49.
