1988 3184
207 155 317 212 322
760 152 1337 200 PsEUDo-Tflnonom

208 288 331 347 scrip
363 287 429 333 VI
465 286 685 331 miscebis
724 287 773 330 et
816 284 953 342 potui
993 283 1143 328 dabis.
1196 283 1328 328 item.
1375 281 1651 339 gentianae,
1696 294 1899 339 murrae,

208 352 541 400 aristolochiae
571 351 818 406 rotundae,
849 351 1078 395 bacarum
1107 348 1231 394 lauri
1262 363 1355 393 ana
1385 349 1420 395 §.a
1441 349 1476 394 I.
1533 348 1691 393 omnia
1720 348 1772 394 in
1793 348 1902 406 pul·-
1937 399 1958 403 ¹

208 434 366 466 verem
396 419 589 464 redacta
620 431 726 462 cum
747 417 888 461 melle
914 415 1110 473 colliges
1142 418 1191 460 et
1220 415 1271 459 in
1297 415 1625 473 magnitudine
1650 414 1902 460 abellanae
1955 410 1962 479 ᾖ

208 500 313 531 cum
344 499 469 542 aqua
501 483 658 528 calida
688 483 824 540 potui
857 484 970 527 dato
985 518 995 537 ,
1031 482 1184 539 epatis
1217 481 1427 527 dolorem
1458 495 1624 526 sanare
1657 483 1904 539 expertum

164 565 185 597 5
209 554 293 597 est.
335 552 457 596 cicer
498 550 682 600 album,
732 549 955 607 asparagi
1002 548 1210 593 silvatici
1257 563 1416 605 cymas
1471 551 1519 593 et
1563 549 1704 593 betae
1759 547 1901 593 albae

208 631 365 662 semen
388 631 495 661 cum
518 630 642 671 aqua
666 615 728 659 ad
752 615 919 660 tertias
947 616 1177 671 decoques
1202 617 1250 659 et
1264 629 1349 673 per
1372 615 1584 671 triduum
1606 614 1757 672 bibes,
1781 614 1900 660 mire
1959 613 1965 674 J

207 683 400 729 sanasti.
455 683 583 727 item.
624 682 821 726 herbam
868 681 1158 726 vettonicam
1204 696 1260 727 ex
1298 682 1398 727 vini
1437 681 1588 739 cyatis
1619 682 1685 726 ΠΙ
1725 681 1902 726 siccam
1969 702 1973 709 «

207 753 255 795 et
285 750 335 794 in
364 749 607 806 pulverem
636 749 880 793 redactam
909 748 1179 804 frequenter
1203 751 1441 805 sumptam
1462 748 1685 806 proficere
1718 747 1901 805 experti
1975 778 1978 779 ν

208 831 378 861 sumus,
411 815 586 860 herbae
616 815 802 872 lapathi
839 815 1023 859 radices
1056 814 1286 859 conterite
1318 816 1367 859 et
1400 829 1507 860 cum
1536 814 1637 860 vini
1669 813 1820 871 cyatis
1837 814 1904 859 VI
1970 839 1986 875 3

142 895 184 926 10
206 883 340 940 potui
375 883 509 939 dato,
548 882 664 926 mire
695 882 985 939 persanabis.
1033 882 1230 926 herbam
1261 881 1479 926 sabinam
1519 884 1567 926 et
1605 880 1901 925 absinthium

208 962 265 993 ex
296 963 420 1004 aqua
447 948 509 992 ad
531 948 697 992 tertias
731 949 990 1004 decoctam,
1017 950 1066 992 et
1089 962 1236 1004 usque
1268 963 1408 993 sanus
1435 948 1498 992 sit
1527 947 1743 1005 tepidum
1764 946 1902 1004 potui

209 1015 333 1059 dato.
382 1017 436 1058 ut
468 1015 838 1071 experimentum
868 1015 1069 1070 habeaS‚
1108 1014 1316 1071 porcello
1357 1015 1418 1059 da
1458 1014 1626 1059 exinde
1656 1014 1820 1058 bibere
1853 1015 1904 1058 et
1982 1011 1988 1054 <'.

209 1081 368 1126 occide
402 1095 520 1137 eum,
554 1084 601 1125 et
633 1081 842 1138 splenem
874 1081 919 1126 ei
949 1096 1044 1125 non
1067 1081 1291 1126 invenies.
1334 1081 1470 1126 dabis
1493 1081 1583 1125 hoc
1613 1079 1794 1125 homini
1817 1092 1904 1136 per
1986 1078 1988 1083 ’

206 1147 417 1192 triduum
457 1149 504 1191 et
541 1147 591 1190 in
629 1147 783 1204 ipsum
821 1148 946 1192 latus
990 1147 1160 1193 iaceat.
1208 1148 1297 1192 hoc
1338 1150 1386 1192 et
1434 1147 1642 1205 splenem
1683 1147 1904 1203 potenter

143 1224 184 1257 15
210 1215 355 1258 curat.
404 1214 579 1260 herbae
612 1214 805 1258 sabinae
844 1215 1107 1271 pulverem,
1146 1213 1315 1259 hiemis
1353 1228 1464 1258 vero
1504 1216 1713 1270 tempore
1754 1212 1902 1256 addes

209 1282 257 1324 et
287 1279 421 1336 piper
462 1280 650 1336 aequali
681 1295 926 1337 mensura,
968 1280 1019 1323 in
1056 1280 1166 1324 vino
1205 1295 1289 1337 per
1327 1280 1537 1324 triduum
1574 1279 1710 1336 potui
1749 1278 1902 1334 dabis,

208 1359 355 1401 usque
389 1360 555 1389 sanum
587 1346 649 1390 sit
681 1361 803 1403 epar.
846 1348 936 1391 hoc
968 1348 1016 1391 et
1048 1348 1110 1391 ad
1142 1347 1350 1404 splenem
1374 1347 1534 1391 facies.
1570 1347 1638 1405 [et
1660 1346 1796 1390 hiera
1818 1358 1904 1402 per
1976 1385 1978 1387 .

207 1410 416 1455 triduum
443 1448 451 1455 .
482 1446 491 1455 .
518 1448 526 1456 .
553 1412 633 1456 Pr.

534 1529 612 1574 Ad
635 1531 705 1585 II,
728 1533 792 1574 28
822 1531 1032 1587 (82),De
1066 1532 1401 1589 spleniticis
1437 1533 1572 1588 (fin).

143 1607 185 1639 20
327 1595 585 1639 Tamaricis
617 1595 737 1652 ligni
768 1596 1018 1641 fasciculos
1042 1598 1109 1641 III
1139 1597 1190 1641 in
1228 1598 1324 1642 olla
1362 1597 1470 1642 rudi
1510 1612 1616 1641 cum
1654 1599 1787 1641 aceto
1822 1597 1902 1641 de-

209 1675 378 1716 coques
413 1663 474 1705 ad
505 1662 697 1719 tertias,
731 1665 779 1706 et
812 1663 980 1708 exinde
1019 1666 1176 1708 ternos
1214 1665 1380 1722 globos
1419 1679 1503 1721 per
1533 1664 1743 1708 triduum
1773 1663 1901 1720 bibe,

209 1730 256 1771 et
289 1728 467 1771 sanasti
506 1728 756 1773 hominem.
806 1730 968 1774 fabam
1005 1730 1177 1775 frixam
1207 1731 1258 1774 in
1297 1733 1431 1775 aceto
1468 1745 1553 1788 per
1590 1730 1800 1774 triduum
1830 1729 1902 1773 in·

208 1793 361 1837 fusam
392 1796 501 1850 post
531 1794 582 1838 in
620 1795 844 1839 mortario
886 1798 1009 1840 teres
1051 1799 1098 1841 et
1135 1797 1329 1842 induces
1369 1797 1420 1840 in
1450 1811 1607 1854 panno
1646 1797 1821 1840 mundo
1854 1797 1905 1840 et

210 1874 347 1916 super
379 1861 588 1916 splenem
611 1861 837 1918 impones,
871 1865 918 1907 et
950 1863 1270 1908 admiraberis.
1315 1863 1524 1908 dolorem
1547 1863 1738 1919 quidem
1769 1861 1900 1918 facit,

143 1936 187 1968 25
211 1927 294 1969 sed
327 1941 502 1970 summe
536 1930 684 1972 sanat.
735 1942 847 1985 epar
879 1931 927 1974 et
966 1930 1174 1986 splenem
1206 1932 1360 1983 curat,
1402 1930 1442 1974 si
1479 1930 1675 1974 herbam
1714 1942 1903 1973 erucam

208 1993 381 2036 tundas
416 2007 469 2036 ac
496 1994 594 2037 suci
619 1994 717 2037 eius
743 1998 905 2051 cyatos
938 1998 1162 2052 quattuor
1187 1999 1234 2041 et
1264 1996 1364 2041 vini
1397 1997 1623 2053 cyatuml
1645 1995 1780 2053 potui
1805 1995 1900 2051 des,

210 2060 257 2101 et
273 2057 323 2100 in
338 2057 493 2114 ipsum
515 2059 640 2102 latus
665 2059 833 2116 iaceat,
853 2061 1114 2118 vitiumque
1140 2063 1342 2108 sanabis.
1384 2063 1473 2107 hoc
1497 2062 1700 2106 maxime
1719 2063 1782 2106 de
1809 2075 1902 2106 ex-

208 2123 545 2180 perimentis
587 2127 670 2170 est.
711 2126 907 2171 herbam
939 2129 1155 2173 sabinam
1186 2132 1234 2174 et
1265 2129 1557 2173 absinthium
1589 2143 1645 2172 ex
1684 2142 1808 2184 aqua
1840 2127 1903 2171 ad

208 2189 375 2233 tertias
396 2191 625 2246 decoques
644 2194 691 2235 et
709 2206 764 2235 ex
782 2207 835 2237 eo
854 2195 1008 2239 calido
1026 2196 1153 2239 facto
1170 2194 1327 2239 ieiuno
1350 2193 1546 2238 calicem
1560 2193 1751 2250 plenum
1766 2191 1903 2249 potui

144 2267 186 2298 30
212 2255 368 2309 dabis,
410 2258 457 2300 et
487 2256 538 2300 in
575 2256 677 2313 ipso
711 2258 858 2303 latere
898 2259 1064 2309 iaceat.
1109 2261 1198 2306 hoc
1237 2260 1446 2317 splenem
1486 2262 1534 2304 et
1573 2274 1686 2316 epar
1725 2258 1903 2315 optime

332 2408 353 2445 1
387 2403 553 2447 misces
588 2405 625 2448 b.
721 2410 745 2447 2
779 2420 871 2450 ana
902 2407 936 2454 L
962 2408 1007 2452 .1.
1033 2415 1094 2453 ÷
1119 2408 1208 2453 O'ia
1235 2445 1243 2453 .
1271 2444 1280 2452 .
1309 2444 1318 2453 .
1347 2409 1450 2463 (sic)
1485 2409 1521 2452 b.
1630 2411 1659 2449 4
1683 2405 1836 2463 eparis
1862 2406 1900 2451 b.

210 2465 236 2504 5
270 2462 459 2518 sparagi
492 2477 525 2506 s.
560 2477 715 2507 comas
750 2465 788 2508 b.
913 2471 937 2509 6
969 2462 1065 2510 bib.
1099 2467 1216 2512 mire
1249 2482 1283 2512 s,
1318 2469 1354 2512 b.
1506 2471 1530 2509 7
1562 2466 1706 2509 herbe
1738 2464 1903 2509 vetho-

209 2519 313 2586 nice
348 2523 385 2565 b.
480 2521 604 2566 sicca
630 2557 638 2566 .
667 2559 675 2566 .
704 2558 711 2566 .
739 2524 933 2568 redacta
954 2561 962 2569 .
983 2562 991 2570 .
1013 2562 1021 2570 .
1042 2530 1228 2583 sumpta
1261 2528 1300 2570 b.
1395 2530 1420 2569 9
1457 2523 1633 2582 lapacii
1666 2526 1704 2570 b.
1793 2537 1902 2567 con-

209 2579 320 2636 trite
348 2581 385 2623 b.
508 2585 563 2623 οῦ
596 2581 707 2624 uino
742 2586 903 2637 cyatos
928 2584 992 2628 VI
1014 2585 1059 2629 b.
1184 2591 1239 2629 10
1264 2584 1430 2629 savina
1454 2586 1492 2630 b.
1618 2587 1670 2626 11
1707 2583 1904 2627 decocta

213 2636 443 2693 ...tepid'
481 2641 519 2683 b.
615 2644 669 2682 13
695 2640 839 2683 occid’
861 2644 898 2687 b.
1000 2657 1041 2688 ο.
1075 2648 1132 2687 cii
1164 2646 1212 2688 et
1243 2644 1377 2701 splen
1408 2643 1453 2687 ei
1478 2645 1517 2688 b.
1613 2647 1668 2686 14
1702 2641 1836 2698 splen
1859 2643 1901 2686 b.

212 2699 266 2736 15
301 2695 462 2754 savine
489 2699 525 2741 b.
672 2698 808 2741 addis
831 2702 868 2745 b.
1024 2707 1078 2746 16
1111 2705 1158 2746 et
1189 2703 1240 2747 in
1272 2705 1309 2748 b.
1464 2706 1519 2745 17
1552 2701 1685 2758 splen
1718 2703 1757 2745 b.

213 2756 268 2794 20
301 2753 537 2818 Tamarici
570 2758 672 2812 (sic)
708 2759 747 2800 b.
871 2764 926 2802 22
943 2760 1074 2804 Faba
1105 2768 1181 2806 etc.
1217 2764 1324 2819 (pro
1356 2763 1460 2818 -a)
1493 2763 1531 2805 b.
1626 2764 1682 2803 23
1715 2758 1828 2804 teris
1861 2758 1903 2803 b.

329 2812 513 2856 1nducis
547 2815 585 2858 b.
738 2819 795 2857 24
828 2818 962 2874 splen
993 2821 1018 2863 b
1053 2821 1137 2875 (sic
1166 2824 1369 2877 semper).
1506 2824 1561 2863 26
1594 2823 1707 2862 sum-1
1740 2820 1779 2863 b.

213 2882 323 2926 dato
358 2885 397 2927 b.
570 2891 625 2930 27
654 2889 687 2931 h·
721 2876 771 2931 ffi
803 2891 841 2933 b.
995 2897 1051 2936 28
1082 2898 1159 2937 cet.
1192 2895 1250 2949 cf.
1282 2907 1425 2950 supra
1456 2894 1574 2938 idem
1606 2893 1663 2936 de
1694 2889 1902 2936 ictericis

205 2955 255 2998 p.
275 2944 380 2998 322,
413 2947 485 2987 10.
606 2950 662 2988 29
697 2947 892 2992 decoctu
926 2951 964 2994 b.
