1988 3184
516 118 977 191 Ammo‘r'fflmn
1004 149 1452 196 BRUXELLENSE.
1526 152 1529 155 ·
1722 150 1831 204 369

298 281 616 331 Antidotos
654 282 838 332 faciens
878 285 944 334 ad
985 300 1184 335 omnes
1219 287 1457 337 dolores
1489 290 1832 338 interaneo-

153 370 293 405 rum.
331 356 473 420 ysopi
511 356 685 404 cretici
714 368 775 408 *ῖ-
803 357 861 423 II,
900 356 1220 409 calaminthae
1260 363 1493 428 creticae,
1532 361 1686 427 puleii
1724 363 1830 412 sine

153 429 300 495 fum0,
338 427 626 493 petroselini
663 429 982 496 macedonici,
1022 433 1224 482 siseleos
1262 433 1362 483 unc
1397 440 1578 502 ternaS,
1617 436 1716 500 apii
1755 450 1831 484 se-

151 504 301 551 minis
330 499 430 551 unc
450 501 485 567 I,
509 500 726 565 ligustici
758 506 1074 570 semunciam,
1104 506 1260 571 thymi
1289 507 1484 572 hispani
1514 508 1690 557 florum
1714 508 1830 574 -:-1‚

152 577 339 641 piperis
378 576 696 641 semunciam,
734 576 955 639 zingiber
994 581 1307 629 semunciam.
1346 586 1490 630 tunsa
1525 588 1660 630 creta
1699 597 1829 631 com·
1875 593 1898 626 5

152 651 333 698 misces
380 663 492 697 cum
538 648 683 697 melle
730 648 860 697 bono
909 650 1217 718 despumatO,
1265 659 1314 702 et
1359 655 1635 704 confectum
1673 657 1829 704 vitreo

154 724 398 787 signatum
444 721 674 771 servabis,
724 737 783 770 ex
821 722 915 772 hoc
953 725 1118 773 ieiuno
1166 726 1304 774 dabis
1350 727 1569 776 cocleare
1615 727 1830 792 plenum.

299 795 613 844 Diamoron
652 795 828 860 aplun
860 796 910 844 id
951 803 1026 846 est
1065 799 1286 862 simplex,
1326 815 1463 849 mora
1496 800 1712 850 silvatica
1743 803 1830 850 tri-

153 869 249 918 duo
281 870 332 918 in
365 868 543 917 cacabo
574 868 756 918 mundo
788 869 1044 919 habentur.
1085 878 1255 935 postea
1287 875 1630 937 exprimuntur
1662 890 1720 923 ex
1752 874 1830 923 his

153 943 354 991 sextarii
394 957 494 1007 seX,
534 942 714 1006 quibus
745 944 1017 1006 iunguntur
1048 944 1208 993 mellis
1245 948 1445 994 sextarii
1467 946 1533 995 III
1565 950 1829 996 commixti.
1855 960 1898 991 10

153 1015 298 1064 simul
338 1014 559 1064 colantur
597 1021 646 1064 et
683 1017 735 1064 in
767 1016 945 1065 cacabo
979 1022 1197 1081 stagnato
1238 1025 1515 1083 coquuntur
1555 1020 1613 1068 ad
1645 1022 1830 1069 tertias,

154 1094 375 1137 servatur
413 1090 466 1136 in
497 1088 627 1137 dolio
659 1091 828 1138 vitre0.
870 1090 1013 1138 datur
1052 1106 1111 1139 ex
1143 1091 1235 1140 hoc
1275 1092 1333 1140 ad
1371 1092 1572 1141 vulnera
1603 1093 1831 1160 faucium,

156 1162 376 1211 dentium
401 1161 571 1211 dolori.
612 1164 664 1211 in
692 1165 946 1211 acerrimis
971 1163 1191 1213 febribus
1225 1167 1505 1214 constitutis
1529 1172 1832 1230 temperatur

153 1251 212 1284 ex
253 1250 376 1299 aqua
416 1235 570 1284 calida
608 1235 683 1284 vel
723 1252 784 1284 ex
823 1237 1012 1300 frigida.
1054 1237 1140 1286 sed
1181 1244 1229 1287 et
1268 1238 1468 1288 auribus
1507 1239 1738 1288 ulceratis
1771 1239 1830 1289 ad

153 1308 372 1358 cocleare
411 1309 659 1375 fundetur,
698 1315 747 1358 et
786 1309 1043 1358 obturatur
1081 1310 1202 1360 lana.
1856 1330 1899 1362 15

300 1381 610 1431 Diamoron
659 1390 979 1432 sceuaston
1026 1384 1076 1432 id
1124 1391 1199 1433 est
1245 1400 1391 1433 sucus
1439 1386 1498 1433 (13
1547 1387 1699 1434 moris
1748 1384 1830 1434 sil-

154 1457 323 1505 vaticis
364 1471 486 1519 quae
527 1456 729 1505 collecta
766 1458 819 1504 in
859 1457 1034 1505 cacabo
1076 1458 1238 1506 triduo
1280 1460 1390 1506 sint.
1412 1452 1606 1521 'quarta
1637 1459 1715 1507 die
1749 1474 1830 1507 ex-

151 1529 398 1599 primendi
437 1544 496 1577 ex
534 1529 612 1578 his
652 1532 853 1578 sextarii
894 1546 990 1578 sex.
1033 1532 1166 1579 croci
1204 1534 1301 1579 unc
1325 1531 1381 1596 II,
1421 1531 1648 1579 aluminis
1689 1533 1832 1580 scissi

151 1612 210 1651 ÷
233 1602 290 1668 11,
330 1603 528 1651 corticis
568 1603 684 1651 mali
722 1605 911 1667 granati
949 1616 1008 1652 —1—
1038 1603 1100 1652 ΙΙ.
1155 1619 1301 1653 sucus
1349 1604 1408 1652 de
1449 1607 1599 1652 moris
1648 1611 1696 1653 et
1733 1604 1831 1653 mel

153 1681 202 1723 et
241 1691 387 1724 sucus
425 1675 681 1725 labruscae
720 1676 844 1724 bene
879 1678 1259 1725 commiscentur
1298 1683 1346 1725 et
1385 1677 1619 1742 colantur,
1660 1684 1709 1726 et
1747 1678 1829 1726 (13-
1854 1697 1899 1728 20

153 1763 302 1813 super
333 1750 580 1812 accipiunt
603 1752 718 1798 trita
744 1756 792 1798 et
824 1749 1088 1815 cribellata,
1121 1756 1170 1797 et
1206 1756 1435 1798 teruntur
1467 1756 1515 1798 et
1546 1753 1827 1815 iunguntur.

153 1837 353 1871 crocum
393 1828 504 1870 ante
543 1823 761 1872 triduum
800 1823 1076 1871 infunditur
1114 1825 1166 1870 in
1215 1838 1330 1872 suco
1377 1822 1630 1872 labruscae
1668 1830 1724 1872 ut
1762 1824 1830 1873 fa-

153 1894 244 1943 cile
283 1897 378 1943 teri
418 1898 587 1959 possit.
642 1896 843 1944 decocta
883 1895 1028 1943 simul
1059 1911 1214 1960 usque
1248 1896 1304 1944 ad
1337 1898 1508 1945 tertias
1539 1899 1694 1946 vitreo
1728 1913 1830 1947 ser-

152 1968 307 2017 vanda
347 1975 473 2017 sunt.
515 1969 631 2018 facit
669 1969 727 2017 ad
760 1969 974 2017 faucium
1005 1968 1205 2017 vulnera
1238 1976 1286 2017 et
1317 1971 1468 2018 totius
1509 1973 1623 2035 oris,
1664 1970 1749 2019 sed
1783 1976 1831 2019 et

154 2042 213 2090 ad
252 2057 425 2090 carnes
466 2057 590 2106 quae
632 2057 777 2106 supra
818 2041 990 2090 dentes
1030 2049 1311 2091 nascuntur.
1855 2061 1897 2094 25

300 2115 554 2179 Acopum
594 2115 871 2163 diacissu.
921 2114 1066 2163 bacas
1105 2115 1232 2164 lauri
1262 2131 1467 2164 numero
1501 2116 1552 2182 C,
1590 2116 1714 2180 pilas
1747 2132 1829 2165 cu-

152 2182 313 2252 pressi
349 2188 478 2238 nu‘n'l‘
500 2188 602 2253 XX,
640 2187 820 2235 herbae
862 2187 1058 2236 sabinae
1091 2188 1320 2238 foliorum
1354 2188 1530 2237 libram
1562 2189 1597 2254 I,
1636 2191 1828 2237 resinae

152 2263 371 2325 pituinae
410 2260 480 2310 lib
512 2262 547 2326 I,
590 2262 825 2324 germinis
871 2261 1080 2309 hederae
1126 2260 1225 2310 unc
1255 2262 1363 2327 IIII,
1412 2261 1503 2309 olei
1554 2261 1828 2310 sabinensis

153 2332 222 2383 lib
253 2334 355 2399 IIII,
380 2335 510 2383 faeni
535 2335 698 2397 graeci
731 2335 997 2382 sextarium
1021 2334 1055 2399 I,
1096 2349 1236 2382 cerae
1269 2334 1449 2383 rubeae
1474 2332 1543 2383 lib
1567 2335 1602 2399 I,
1634 2341 1829 2398 praeter

152 2407 273 2456 haec
298 2409 493 2456 cummi.
534 2408 748 2455 resinam
781 2412 830 2454 et
861 2422 1024 2455 ceram
1056 2409 1108 2454 in
1140 2407 1317 2456 cacabo
1349 2407 1567 2456 infundis
1592 2409 1643 2455 in
1676 2423 1827 2471 aquae
1850 2427 1898 2459 30

153 2480 379 2529 fontanae
420 2481 646 2528 sextariis
677 2479 720 2527 II
753 2485 801 2527 et
840 2479 934 2527 olei
969 2479 1108 2528 libris
1139 2480 1226 2528 IIII
1257 2496 1347 2544 per
1384 2480 1615 2529 triduum.
1657 2487 1830 2544 quarta

274 2655 296 2691 1
331 2648 603 2692 anthidotos
635 2649 693 2693 Β.
815 2653 842 2692 2
874 2648 1147 2693 calamentis
1179 2650 1238 2694 Β.
1358 2649 1504 2706 puleii
1535 2651 1594 2694 Β.
1716 2656 1744 2694 4
1773 2651 1831 2695 li-

152 2706 313 2750 bistici
344 2708 403 2751 Β.
523 2706 642 2762 tymi
674 2707 806 2763 spani
839 2708 898 2752 Β.
1020 2712 1045 2751 5
1077 2707 1293 2764 gingiber
1323 2709 1368 2752 Β
1394 2710 1518 2764 (item
1547 2710 1710 2766 infra).

155 2771 211 2810 16
241 2765 497 2809 Diamaron
528 2764 671 2821 aplon
700 2766 758 2810 Β.
936 2770 988 2809 15
1021 2766 1278 2810 obduratur
1307 2767 1353 2811 Β
1386 2767 1701 2824 (obturabitur
1730 2770 1828 2826 ed).

156 2827 210 2868 16
241 2823 500 2867 Diamaron
537 2824 595 2868 Β.
791 2828 843 2868 19
874 2824 1189 2882 malogranati
1212 2826 1271 2870 Β.
1431 2856 1435 2857 ⁷
1480 2825 1620 2871 melle
1651 2828 1709 2872 Β.

152 2886 209 2925 22
241 2886 378 2926 (ποοῦ
410 2883 469 2927 Β.
583 2887 639 2926 26
671 2882 874 2927 diacissfi
904 2884 965 2929 Β.
1055 2883 1247 2941 cipressi
1277 2885 1337 2930 Β.
1447 2889 1514 2942 ,27
1547 2885 1738 2930 sauinae
1769 2888 1833 2937 Β.“

154 2945 212 2985 30
234 2940 412 2998 gummi
435 2941 481 2984 Β
513 2942 638 2996 (item
666 2942 829 2998 infra).
1314 2973 1317 2975 >

243 3022 466 3056 Theodorus
488 3023 718 3068 Priscianus,
741 3024 798 3058 ed.
813 3024 948 3059 Boeo.
1509 3022 1565 3061 24
