1988 3184
606 149 690 190 DE
721 146 988 191 smpmcr
1017 143 1326 190 MEDICINA.
1697 138 1807 196 415

121 282 174 325 et
201 279 368 325 mollit.
408 279 527 324 facit
557 278 619 323 ad
650 277 879 323 stomachi
918 279 966 322 et
1004 276 1182 322 ventris
1214 279 1262 322 et
1302 276 1454 334 epatis
1485 276 1562 321 vel
1602 275 1809 320 omnium

124 346 456 391 intestinorum
478 348 719 390 tumorem.
753 343 972 388 calefacit
996 343 1121 387 enim
1144 345 1192 388 et
1216 343 1362 387 siccat
1383 342 1594 386 nimium.
1627 340 1809 386 solvit

125 415 182 457 et
211 415 486 468 ventrem,
520 411 568 455 si
599 410 725 467 quis
750 408 1065 466 scripulum
1086 409 1356 454 mastices
1381 408 1658 453 collatum
1688 422 1808 452 cum

27 487 30 490 ⁴
123 478 322 523 calida
353 491 502 534 aqua
531 475 762 522 biberit.

33 549 91 590 84
237 543 637 599 Melanthium‚
677 541 804 598 quod
845 541 1112 599 appellatur
1149 542 1243 599 git,
1282 540 1471 586 virtutis
1512 543 1583 585 est
1622 539 1805 583 calidae
1852 553 1874 586 5

121 611 170 654 et
193 609 360 667 siccae,
392 611 440 654 et
464 608 818 666 spissitudinem
840 620 1053 651 umorum
1078 609 1313 663 extenuat,
1347 606 1548 662 denique
1573 607 1808 650 catarrum

121 675 403 720 calefactum
440 674 643 732 ligatum
672 674 723 717 in
759 672 1034 717 linteamine
1081 673 1297 718 exsiccat.
1345 671 1511 717 tritum
1550 685 1734 727 quoque
1767 670 1807 715 si

121 741 227 798 quis
249 740 439 798 biberit,
464 739 749 786 ventositate
773 741 914 785 caret.
948 738 1201 783 lumbricos
1227 739 1325 784 sive
1349 739 1400 782 in
1421 737 1614 795 potione
1644 738 1807 782 datum

121 807 220 852 sive
252 806 424 852 deforis
455 805 741 863 impositum,
773 805 824 848 id
855 807 928 849 est
957 804 1143 861 tritum,
1177 805 1363 850 occidit.
1397 804 1551 861 lepras
1584 803 1728 848 etiam
1759 805 1807 848 et

120 872 328 918 clavulos
358 872 532 929 pedum
563 874 611 916 et
642 885 858 916 verrucas
890 872 1036 915 curat.
1077 872 1317 915 menstrua
1348 884 1532 927 quoque
1564 872 1802 927 provocat.
1828 884 1872 915 10

31 941 87 984 85
237 937 346 982 Mel
378 936 598 981 calefacit
629 939 677 981 et
708 936 855 980 siccat
883 935 1095 981 nimium.
1125 936 1273 980 habet
1304 936 1450 980 etiam
1481 935 1806 993 acritudinem,

117 1018 229 1049 nam
258 1003 454 1048 vulnera
488 1002 678 1047 sordida
706 1004 893 1059 purgat.

30 1075 87 1117 86
236 1069 561 1114 Melilotum
606 1068 795 1114 virtutis
842 1070 915 1112 est
932 1063 938 1071 ’
958 1067 1148 1112 mixtae.
1198 1070 1246 1112 et
1281 1070 1490 1113 maturat
1535 1082 1718 1113 umores
1758 1070 1806 1112 et

121 1136 362 1193 dispergit.
397 1138 445 1179 et
475 1135 582 1192 plus
614 1134 797 1178 calidae
828 1134 1020 1179 virtutis
1061 1136 1133 1178 est
1168 1148 1309 1189 quam
1347 1134 1563 1191 frigidae.
1606 1135 1667 1178 ad
1699 1148 1805 1178 ocu-

118 1203 271 1247 lorum
299 1201 677 1257 indignationem
708 1214 831 1256 aqna
860 1199 967 1256 ipsa
1000 1202 1134 1243 cocta
1164 1199 1351 1245 utimur.
1829 1214 1871 1247 15

31 1280 88 1321 87
236 1273 457 1319 Meconi
487 1287 657 1317 nomen
689 1275 760 1317 est
788 1286 1009 1330 papaver.
1043 1272 1266 1329 frigidam
1305 1274 1529 1318 virtutem
1559 1274 1726 1330 habet,
1759 1275 1806 1317 et

121 1356 279 1386 semen
302 1340 401 1385 eius
425 1339 724 1384 somniferum
740 1342 822 1383 est.
857 1340 1042 1395 agreste
1061 1352 1269 1394 papaver
1288 1339 1394 1395 plus
1420 1353 1561 1395 quam
1586 1338 1806 1382 domesti-

66 1426 68 1428 ’
121 1423 227 1453 cum
257 1405 518 1463 infrigidat.

31 1487 87 1527 88
236 1481 392 1525 Mora
423 1481 594 1522 natura
630 1478 809 1521 habent
845 1477 1130 1522 mediocrem
1167 1478 1370 1522 calorem
1409 1479 1456 1521 et
1494 1480 1705 1521 ventrem
1734 1491 1805 1521 re-

120 1547 297 1591 laxant.
329 1546 567 1588 inmatura
598 1558 707 1588 vero
739 1543 929 1587 virtutis
961 1543 1164 1600 frigidae
1197 1547 1245 1588 et
1277 1543 1427 1587 siccae
1454 1546 1574 1587 sunt.
1607 1543 1730 1586 unde
1756 1544 1804 1587 et
1828 1551 1871 1582 20

122 1613 226 1657 suci·
251 1612 461 1669 ipsorum
485 1613 691 1654 tumores
716 1609 923 1653 faucium
948 1603 1126 1655 curant.
1161 1609 1207 1652 si
1238 1609 1363 1664 quis
1396 1623 1619 1665 quoque
1651 1622 1804 1652 mora

119 1679 248 1736 ipsa
281 1676 594 1721 siccaverit
626 1678 680 1719 et
709 1675 1003 1732 pulverem
1033 1674 1266 1730 fecerit,
1300 1676 1356 1718 et
1381 1674 1607 1718 dederit
1637 1688 1804 1717 unum

121 1744 471 1789 coclearium
505 1741 911 1798 dysentericis,
943 1755 1203 1798 magnum
1232 1740 1543 1784 remedium
1574 1743 1672 1784 est.

32 1815 87 1854 89
238 1810 425 1853 Murta
458 1821 514 1851 ex
547 1806 792 1850 contrariis
823 1805 1079 1850 virtutibus
1113 1805 1372 1862 composita
1404 1808 1495 1862 est,
1541 1808 1588 1849 et
1621 1805 1803 1850 obtinet

237 1975 266 2013 4
291 1970 450 2014 Simon
482 1983 515 2013 s
549 1967 827 2012 Melantium
853 1970 976 2024 (post
998 1967 1211 2024 Diosc...)
1226 1967 1385 2012 ..Theo
1411 1966 1502 2010 Pri.
1527 1966 1803 2010 melantium

121 2029 247 2085 quod
271 2027 539 2085 appellatur
571 2026 642 2093 git
676 2029 752 2083 (cf.
791 2027 913 2070 Orib.
941 2029 1064 2081 153).

240 2087 413 2145 [Mala
443 2086 670 2145 persica
703 2086 859 2130 Simon
890 2098 923 2129 s.
948 2084 1157 2165 Kariana
1180 2086 1407 2128 vocantur
1428 2082 1611 2140 persica
1644 2097 1804 2127 secun-

122 2147 233 2191 dum
263 2146 405 2190 Theo.
438 2143 635 2202 Priscim]

241 2297 264 2335 1
298 2290 516 2335 istomaci
551 2290 604 2335 G.
729 2295 753 2334 2
785 2289 1068 2333 istentinarfi
1098 2291 1278 2332 tumore
1314 2288 1368 2333 G.
1521 2292 1546 2330 3
1581 2287 1805 2344 scriptum

119 2350 364 2396 masticem
395 2349 587 2393 collium
621 2349 674 2394 G
796 2354 823 2392 4
857 2347 994 2392 calda
1029 2348 1082 2392 G.
1183 2354 1208 2391 6
1239 2346 1481 2390 humorem
1516 2347 1570 2391 G.
1665 2347 1803 2390 dene—

119 2424 209 2466 que
245 2410 298 2454 G.
424 2413 447 2452 7
479 2407 629 2464 ligato
665 2407 719 2452 G
812 2406 992 2451 exiccat
1027 2406 1080 2450 G.
1173 2411 1199 2449 8
1231 2405 1564 2449 ventositatem
1593 2405 1712 2448 car&
1746 2405 1800 2449 G.

117 2467 392 2513 Lumbrieus
428 2466 482 2511 G.
576 2466 627 2509 in
655 2465 853 2538 potionsi
890 2465 944 2509 G.
1037 2469 1062 2508 9
1094 2463 1351 2521 inpositum
1378 2464 1431 2508 G.
1547 2463 1719 2507 occid&
1746 2463 1801 2508 G.

121 2533 176 2572 10
210 2526 441 2571 clavulos:
475 2527 637 2569 acutos
674 2525 716 2569 G
747 2523 791 2580 (η
782 2524 901 2575 ’λους
936 2523 1071 2580 Gar).
1200 2536 1415 2566 verrucas
1453 2522 1495 2567 G
1525 2523 1803 2579 (μυρμηκιάς

123 2587 226 2632 Gal.
245 2592 287 2631 et
310 2587 388 2630 lat.
421 2584 575 2641 Orib..)
669 2588 723 2626 13
755 2581 1036 2627 mellilotum
1063 2582 1117 2626 G.
1195 2581 1332 2625 mixti
1360 2582 1414 2625 G.
1500 2586 1556 2624 14
1580 2595 1718 2636 quem
1746 2581 1800 2625 G.

120 2650 174 2689 15
208 2657 327 2700 aque
359 2643 460 2699 ipse
492 2645 622 2686 cocte
653 2641 801 2685 utim‘>
829 2641 883 2685 G.
970 2646 1023 2684 16
1056 2641 1124 2684 De
1155 2640 1340 2684 miconi.
1373 2639 1548 2683 Miconi
1583 2641 1636 2684 G.
1723 2639 1804 2683 do-

116 2703 339 2748 mesticus
370 2700 668 2757 infrigdatG.
792 2704 846 2743 19
877 2699 946 2743 De
977 2712 1120 2743 mora.
1153 2699 1285 2743 Mora
1320 2698 1373 2743 G.
1465 2699 1602 2742 hab&
1629 2698 1683 2742 G.

116 2761 301 2806 relaxat
320 2760 374 2805 G.
529 2765 582 2803 21
615 2759 824 2816 ipsarum
858 2758 911 2803 G.
1064 2762 1238 2801 21-23
1270 2759 1325 2812 cf.
1365 2758 1532 2802 Theod.
1566 2759 1619 2803 de
1649 2758 1803 2802 diaeta

14 2857 21 2880 ,·
113 2835 163 2879 p.
187 2823 322 2865 243oe
414 2832 545 2862 mora
575 2818 679 2875 ipsa
706 2817 760 2862 G.
882 2822 936 2860 22
971 2816 1250 2861 siccaverint
1277 2817 1330 2860 G.
1429 2815 1594 2872 pulver
1628 2816 1682 2861 G.

116 2884 174 2924 23
207 2877 478 2923 cocliarium
505 2877 560 2922 G.
682 2875 989 2920 dissintericis
1025 2876 1078 2920 G.
1169 2879 1226 2919 24
1255 2875 1324 2919 De
1355 2877 1522 2920 murta.
1554 2874 1711 2919 Murta
1745 2875 1800 2920 G.

120 2937 304 2982 obtinet
337 2937 381 2982 G
404 2936 667 2994 (ἐπικρατεῖ
693 2935 828 2992 Gal.).
