<?xml version="1.0" encoding="UTF-8"?>
<!DOCTYPE html PUBLIC "-//W3C//DTD XHTML 1.0 Transitional//EN"
    "http://www.w3.org/TR/xhtml1/DTD/xhtml1-transitional.dtd">
<html xmlns="http://www.w3.org/1999/xhtml" xml:lang="en" lang="en">
 <head>
  <title>
</title>
<meta http-equiv="Content-Type" content="text/html;charset=utf-8" />
  <meta name='ocr-system' content='tesseract 3.04.00' />
  <meta name='ocr-capabilities' content='ocr_page ocr_carea ocr_par ocr_line ocrx_word'/>
</head>
<body>
  <div class='ocr_page' id='page_1' title='image "./theoeuporislibr00prisuoft_0178.png"; bbox 0 0 1950 3172; ppageno 0'>
   <div class='ocr_carea' id='block_1_1' title="bbox 1887 0 1950 65">
    <p class='ocr_par' dir='ltr' id='par_1_1' title="bbox 1887 0 1950 65">
     <span class='ocr_line' id='line_1_1' title="bbox 1887 0 1950 65; baseline 0 -20"><span class='ocrx_word' id='word_1_1' title='bbox 1887 0 1950 65; x_wconf 37' lang='grc' dir='ltr'>’ἧς</span> 
     </span>
     <span class='ocr_line' id='line_1_2' title="bbox 1900 46 1933 55; baseline 0.061 -2"><span class='ocrx_word' id='word_1_2' title='bbox 1900 46 1903 53; x_wconf 74' lang='grc' dir='ltr'><strong><em>ι</em></strong></span> <span class='ocrx_word' id='word_1_3' title='bbox 1931 50 1933 55; x_wconf 84' lang='grc'>,</span> 
     </span>
    </p>
   </div>
   <div class='ocr_carea' id='block_1_2' title="bbox 166 108 1339 162">
    <p class='ocr_par' dir='ltr' id='par_1_2' title="bbox 166 108 1339 162">
     <span class='ocr_line' id='line_1_3' title="bbox 166 108 1339 162; baseline 0.001 -9"><span class='ocrx_word' id='word_1_4' title='bbox 166 109 276 162; x_wconf 82' lang='grc'>146</span> <span class='ocrx_word' id='word_1_5' title='bbox 692 108 1010 154; x_wconf 86' lang='lat' dir='ltr'><strong>THEODORI</strong></span> <span class='ocrx_word' id='word_1_6' title='bbox 1037 109 1339 154; x_wconf 77' lang='lat' dir='ltr'>PBISOIANI</span> 
     </span>
    </p>
   </div>
   <div class='ocr_carea' id='block_1_3' title="bbox 69 247 1869 1563">
    <p class='ocr_par' dir='ltr' id='par_1_3' title="bbox 69 247 1869 1563">
     <span class='ocr_line' id='line_1_4' title="bbox 165 247 1868 316; baseline 0 -16"><span class='ocrx_word' id='word_1_7' title='bbox 165 250 450 300; x_wconf 84' lang='lat' dir='ltr'><strong>drachmam</strong></span> <span class='ocrx_word' id='word_1_8' title='bbox 481 249 526 316; x_wconf 89' lang='lat'>1,</span> <span class='ocrx_word' id='word_1_9' title='bbox 573 249 807 314; x_wconf 89' lang='lat' dir='ltr'>sagapeni</span> <span class='ocrx_word' id='word_1_10' title='bbox 846 247 917 297; x_wconf 90' lang='lat' dir='ltr'>dr.</span> <span class='ocrx_word' id='word_1_11' title='bbox 956 247 1001 314; x_wconf 87' lang='lat'>1,</span> <span class='ocrx_word' id='word_1_12' title='bbox 1054 249 1262 298; x_wconf 88' lang='lat' dir='ltr'>storacis</span> <span class='ocrx_word' id='word_1_13' title='bbox 1295 247 1368 298; x_wconf 89' lang='lat' dir='ltr'>dr.</span> <span class='ocrx_word' id='word_1_14' title='bbox 1399 247 1422 297; x_wconf 93' lang='grc' dir='ltr'>Ι</span> <span class='ocrx_word' id='word_1_15' title='bbox 1461 247 1656 314; x_wconf 85' lang='lat' dir='ltr'>galbani</span> <span class='ocrx_word' id='word_1_16' title='bbox 1693 248 1767 300; x_wconf 86' lang='lat' dir='ltr'>dr.</span> <span class='ocrx_word' id='word_1_17' title='bbox 1798 249 1868 300; x_wconf 80' lang='lat' dir='ltr'>IL</span> 
     </span>
     <span class='ocr_line' id='line_1_5' title="bbox 165 321 1865 389; baseline 0.001 -17"><span class='ocrx_word' id='word_1_18' title='bbox 165 326 329 374; x_wconf 91' lang='lat' dir='ltr'>omnia</span> <span class='ocrx_word' id='word_1_19' title='bbox 375 325 588 373; x_wconf 88' lang='lat' dir='ltr'>contrita</span> <span class='ocrx_word' id='word_1_20' title='bbox 633 323 727 372; x_wconf 88' lang='lat' dir='ltr'>fico</span> <span class='ocrx_word' id='word_1_21' title='bbox 776 321 1121 372; x_wconf 89' lang='lat' dir='ltr'>commiscebis</span> <span class='ocrx_word' id='word_1_22' title='bbox 1169 328 1218 372; x_wconf 92' lang='lat' dir='ltr'>et</span> <span class='ocrx_word' id='word_1_23' title='bbox 1270 324 1429 372; x_wconf 88' lang='lat' dir='ltr'>uteris</span> <span class='ocrx_word' id='word_1_24' title='bbox 1482 338 1573 388; x_wconf 92' lang='lat' dir='ltr'>pro</span> <span class='ocrx_word' id='word_1_25' title='bbox 1620 323 1865 389; x_wconf 89' lang='lat' dir='ltr'>cataplas-</span> 
     </span>
     <span class='ocr_line' id='line_1_6' title="bbox 163 395 1869 462; baseline 0 -15"><span class='ocrx_word' id='word_1_26' title='bbox 163 404 294 448; x_wconf 89' lang='lat' dir='ltr'>mate</span> <span class='ocrx_word' id='word_1_27' title='bbox 332 396 687 462; x_wconf 87' lang='lat' dir='ltr'>praecalefacto</span> <span class='ocrx_word' id='word_1_28' title='bbox 722 397 871 462; x_wconf 89' lang='lat' dir='ltr'>capiti</span> <span class='ocrx_word' id='word_1_29' title='bbox 901 401 1015 462; x_wconf 91' lang='lat' dir='ltr'>post</span> <span class='ocrx_word' id='word_1_30' title='bbox 1055 411 1281 446; x_wconf 89' lang='lat' dir='ltr'>rasuram</span> <span class='ocrx_word' id='word_1_31' title='bbox 1310 395 1614 460; x_wconf 74' lang='lat' dir='ltr'>novaculae]</span> <span class='ocrx_word' id='word_1_32' title='bbox 1672 403 1723 447; x_wconf 90' lang='lat' dir='ltr'>et</span> <span class='ocrx_word' id='word_1_33' title='bbox 1759 397 1869 448; x_wconf 78' lang='lat' dir='ltr'>fre—-</span> 
     </span>
     <span class='ocr_line' id='line_1_7' title="bbox 165 470 1542 537; baseline -0.001 -15"><span class='ocrx_word' id='word_1_34' title='bbox 165 473 398 537; x_wconf 90' lang='lat' dir='ltr'>quentius</span> <span class='ocrx_word' id='word_1_35' title='bbox 439 473 589 520; x_wconf 91' lang='lat' dir='ltr'>etiam</span> <span class='ocrx_word' id='word_1_36' title='bbox 628 472 952 535; x_wconf 83' lang='lat' dir='ltr'>sanguisugas</span> <span class='ocrx_word' id='word_1_37' title='bbox 991 470 1230 536; x_wconf 92' lang='lat' dir='ltr'>applicari</span> <span class='ocrx_word' id='word_1_38' title='bbox 1269 472 1542 521; x_wconf 89' lang='lat' dir='ltr'>conveniet.</span> 
     </span>
     <span class='ocr_line' id='line_1_8' title="bbox 69 544 1863 610; baseline 0 -15"><span class='ocrx_word' id='word_1_39' title='bbox 69 547 145 600; x_wconf 84' lang='lat'>46</span> <span class='ocrx_word' id='word_1_40' title='bbox 313 551 361 595; x_wconf 93' lang='lat' dir='ltr'>at</span> <span class='ocrx_word' id='word_1_41' title='bbox 401 560 490 610; x_wconf 88' lang='lat' dir='ltr'>ego</span> <span class='ocrx_word' id='word_1_42' title='bbox 530 546 582 595; x_wconf 93' lang='lat' dir='ltr'>in</span> <span class='ocrx_word' id='word_1_43' title='bbox 621 545 715 594; x_wconf 93' lang='lat' dir='ltr'>hoc</span> <span class='ocrx_word' id='word_1_44' title='bbox 748 544 923 594; x_wconf 82' lang='lat' dir='ltr'>ordine</span> <span class='ocrx_word' id='word_1_45' title='bbox 963 560 1110 594; x_wconf 89' lang='lat' dir='ltr'>curae</span> <span class='ocrx_word' id='word_1_46' title='bbox 1151 546 1301 595; x_wconf 90' lang='lat' dir='ltr'>etiam</span> <span class='ocrx_word' id='word_1_47' title='bbox 1333 544 1457 610; x_wconf 79' lang='lat' dir='ltr'>cycli</span> <span class='ocrx_word' id='word_1_48' title='bbox 1486 544 1727 595; x_wconf 86' lang='lat' dir='ltr'>beneficia</span> <span class='ocrx_word' id='word_1_49' title='bbox 1757 560 1863 595; x_wconf 73' lang='lat' dir='ltr'>nou</span> 
     </span>
     <span class='ocr_line' id='line_1_9' title="bbox 119 618 1861 687; baseline -0.001 -19"><span class='ocrx_word' id='word_1_50' title='bbox 119 637 139 669; x_wconf 77' lang='grc'>6</span> <span class='ocrx_word' id='word_1_51' title='bbox 165 618 468 684; x_wconf 84' lang='lat' dir='ltr'>aspernabor</span> <span class='ocrx_word' id='word_1_52' title='bbox 499 621 663 669; x_wconf 90' lang='lat' dir='ltr'>omnia</span> <span class='ocrx_word' id='word_1_53' title='bbox 693 634 850 684; x_wconf 93' lang='lat' dir='ltr'>paene</span> <span class='ocrx_word' id='word_1_54' title='bbox 883 624 1075 669; x_wconf 89' lang='lat' dir='ltr'>vetusta</span> <span class='ocrx_word' id='word_1_55' title='bbox 1113 620 1225 668; x_wconf 88' lang='lat' dir='ltr'>vitia</span> <span class='ocrx_word' id='word_1_56' title='bbox 1257 621 1586 687; x_wconf 84' lang='lat' dir='ltr'>percurantiS,</span> <span class='ocrx_word' id='word_1_57' title='bbox 1619 621 1663 669; x_wconf 92' lang='lat' dir='ltr'>si</span> <span class='ocrx_word' id='word_1_58' title='bbox 1692 624 1861 669; x_wconf 62' lang='lat' dir='ltr'>tamen,</span> 
     </span>
     <span class='ocr_line' id='line_1_10' title="bbox 164 693 1862 760; baseline 0 -17"><span class='ocrx_word' id='word_1_59' title='bbox 164 700 302 743; x_wconf 92' lang='lat' dir='ltr'>recto</span> <span class='ocrx_word' id='word_1_60' title='bbox 343 693 517 743; x_wconf 83' lang='lat' dir='ltr'><strong>ordine</strong></span> <span class='ocrx_word' id='word_1_61' title='bbox 555 699 835 760; x_wconf 81' lang='lat' dir='ltr'>peragatur,</span> <span class='ocrx_word' id='word_1_62' title='bbox 873 699 929 743; x_wconf 93' lang='lat' dir='ltr'>ut</span> <span class='ocrx_word' id='word_1_63' title='bbox 966 695 1152 743; x_wconf 93' lang='lat' dir='ltr'>ieiunia</span> <span class='ocrx_word' id='word_1_64' title='bbox 1190 695 1243 742; x_wconf 93' lang='lat' dir='ltr'>in</span> <span class='ocrx_word' id='word_1_65' title='bbox 1281 699 1505 759; x_wconf 90' lang='lat' dir='ltr'>tempore</span> <span class='ocrx_word' id='word_1_66' title='bbox 1543 695 1757 743; x_wconf 88' lang='lat' dir='ltr'>vomitus</span> <span class='ocrx_word' id='word_1_67' title='bbox 1797 707 1862 743; x_wconf 78' lang='lat' dir='ltr'>ex</span> 
     </span>
     <span class='ocr_line' id='line_1_11' title="bbox 162 766 1865 834; baseline 0 -17"><span class='ocrx_word' id='word_1_68' title='bbox 162 767 430 834; x_wconf 81' lang='lat' dir='ltr'>radicibuS‚</span> <span class='ocrx_word' id='word_1_69' title='bbox 470 766 612 817; x_wconf 88' lang='lat' dir='ltr'>salsis</span> <span class='ocrx_word' id='word_1_70' title='bbox 654 767 917 833; x_wconf 91' lang='lat' dir='ltr'>aliquando</span> <span class='ocrx_word' id='word_1_71' title='bbox 955 769 1229 834; x_wconf 84' lang='lat' dir='ltr'>perceptiS,</span> <span class='ocrx_word' id='word_1_72' title='bbox 1267 769 1561 834; x_wconf 83' lang='lat' dir='ltr'>paroptesiS,</span> <span class='ocrx_word' id='word_1_73' title='bbox 1600 767 1865 834; x_wconf 73' lang='lat' dir='ltr'>dropaceS,</span> 
     </span>
     <span class='ocr_line' id='line_1_12' title="bbox 163 842 1860 907; baseline 0 -16"><span class='ocrx_word' id='word_1_74' title='bbox 163 843 423 907; x_wconf 87' lang='lat' dir='ltr'>sinapismi</span> <span class='ocrx_word' id='word_1_75' title='bbox 470 842 744 892; x_wconf 86' lang='lat' dir='ltr'>sec-undum</span> <span class='ocrx_word' id='word_1_76' title='bbox 783 857 930 891; x_wconf 92' lang='lat' dir='ltr'>usum</span> <span class='ocrx_word' id='word_1_77' title='bbox 977 849 1026 891; x_wconf 89' lang='lat' dir='ltr'>et</span> <span class='ocrx_word' id='word_1_78' title='bbox 1075 843 1419 891; x_wconf 88' lang='lat' dir='ltr'>auctoritatem</span> <span class='ocrx_word' id='word_1_79' title='bbox 1456 847 1681 891; x_wconf 90' lang='lat' dir='ltr'>veterum</span> <span class='ocrx_word' id='word_1_80' title='bbox 1720 842 1860 891; x_wconf 87' lang='lat' dir='ltr'>adhi-</span> 
     </span>
     <span class='ocr_line' id='line_1_13' title="bbox 97 915 1864 982; baseline 0 -18"><span class='ocrx_word' id='word_1_81' title='bbox 97 931 138 964; x_wconf 76' lang='grc' dir='ltr'>ιο</span> <span class='ocrx_word' id='word_1_82' title='bbox 161 915 396 982; x_wconf 85' lang='lat' dir='ltr'>beantur,</span> <span class='ocrx_word' id='word_1_83' title='bbox 444 915 673 966; x_wconf 91' lang='lat' dir='ltr'>omnibus</span> <span class='ocrx_word' id='word_1_84' title='bbox 713 922 929 966; x_wconf 85' lang='lat' dir='ltr'>attamen</span> <span class='ocrx_word' id='word_1_85' title='bbox 966 917 1183 981; x_wconf 90' lang='lat' dir='ltr'>propriis</span> <span class='ocrx_word' id='word_1_86' title='bbox 1229 915 1540 980; x_wconf 89' lang='lat' dir='ltr'>temporibus</span> <span class='ocrx_word' id='word_1_87' title='bbox 1580 916 1864 981; x_wconf 80' lang='lat' dir='ltr'>custoditiS,</span> 
     </span>
     <span class='ocr_line' id='line_1_14' title="bbox 162 989 1859 1055; baseline 0 -16"><span class='ocrx_word' id='word_1_88' title='bbox 162 989 388 1040; x_wconf 92' lang='lat' dir='ltr'>ciborum</span> <span class='ocrx_word' id='word_1_89' title='bbox 451 1005 647 1055; x_wconf 92' lang='lat' dir='ltr'>quoque</span> <span class='ocrx_word' id='word_1_90' title='bbox 714 990 1034 1055; x_wconf 89' lang='lat' dir='ltr'>qualitatibus</span> <span class='ocrx_word' id='word_1_91' title='bbox 1097 996 1146 1039; x_wconf 91' lang='lat' dir='ltr'>et</span> <span class='ocrx_word' id='word_1_92' title='bbox 1206 990 1511 1055; x_wconf 89' lang='lat' dir='ltr'>ponderibus</span> <span class='ocrx_word' id='word_1_93' title='bbox 1572 990 1859 1039; x_wconf 77' lang='lat' dir='ltr'>moderatis.</span> 
     </span>
     <span class='ocr_line' id='line_1_15' title="bbox 161 1063 1861 1129; baseline 0 -16"><span class='ocrx_word' id='word_1_94' title='bbox 161 1064 302 1114; x_wconf 88' lang='lat' dir='ltr'>utilia</span> <span class='ocrx_word' id='word_1_95' title='bbox 339 1071 506 1114; x_wconf 92' lang='lat' dir='ltr'>tamen</span> <span class='ocrx_word' id='word_1_96' title='bbox 546 1080 656 1114; x_wconf 88' lang='lat' dir='ltr'>esse</span> <span class='ocrx_word' id='word_1_97' title='bbox 697 1065 880 1114; x_wconf 91' lang='lat' dir='ltr'>suadeo</span> <span class='ocrx_word' id='word_1_98' title='bbox 929 1066 1079 1114; x_wconf 88' lang='lat' dir='ltr'>etiam</span> <span class='ocrx_word' id='word_1_99' title='bbox 1119 1079 1358 1129; x_wconf 89' lang='lat' dir='ltr'>aquarum</span> <span class='ocrx_word' id='word_1_100' title='bbox 1405 1063 1673 1114; x_wconf 91' lang='lat' dir='ltr'>calidarum</span> <span class='ocrx_word' id='word_1_101' title='bbox 1713 1070 1861 1113; x_wconf 82' lang='lat' dir='ltr'>natu--</span> 
     </span>
     <span class='ocr_line' id='line_1_16' title="bbox 159 1137 1861 1204; baseline 0 -17"><span class='ocrx_word' id='word_1_102' title='bbox 159 1138 340 1188; x_wconf 92' lang='lat' dir='ltr'>ralium</span> <span class='ocrx_word' id='word_1_103' title='bbox 378 1138 632 1188; x_wconf 90' lang='lat' dir='ltr'>beneficia.</span> <span class='ocrx_word' id='word_1_104' title='bbox 709 1145 908 1204; x_wconf 89' lang='lat' dir='ltr'>peracto</span> <span class='ocrx_word' id='word_1_105' title='bbox 957 1139 1110 1203; x_wconf 88' lang='lat' dir='ltr'>igitur</span> <span class='ocrx_word' id='word_1_106' title='bbox 1158 1137 1293 1203; x_wconf 83' lang='lat' dir='ltr'>cyclo</span> <span class='ocrx_word' id='word_1_107' title='bbox 1341 1138 1495 1203; x_wconf 89' lang='lat' dir='ltr'>aliqui</span> <span class='ocrx_word' id='word_1_108' title='bbox 1540 1139 1680 1188; x_wconf 93' lang='lat' dir='ltr'>ieran</span> <span class='ocrx_word' id='word_1_109' title='bbox 1719 1138 1861 1188; x_wconf 83' lang='lat' dir='ltr'>adhi-</span> 
     </span>
     <span class='ocr_line' id='line_1_17' title="bbox 159 1211 1859 1279; baseline 0 -18"><span class='ocrx_word' id='word_1_110' title='bbox 159 1212 378 1262; x_wconf 87' lang='lat' dir='ltr'>buerunt</span> <span class='ocrx_word' id='word_1_111' title='bbox 432 1228 579 1278; x_wconf 91' lang='lat' dir='ltr'>quam</span> <span class='ocrx_word' id='word_1_112' title='bbox 626 1212 802 1262; x_wconf 90' lang='lat' dir='ltr'>Graeci</span> <span class='ocrx_word' id='word_1_113' title='bbox 853 1215 1026 1278; x_wconf 90' lang='lat' dir='ltr'>picran</span> <span class='ocrx_word' id='word_1_114' title='bbox 1081 1211 1471 1279; x_wconf 90' lang='lat' dir='ltr'>appellaverunt,</span> <span class='ocrx_word' id='word_1_115' title='bbox 1521 1211 1674 1278; x_wconf 90' lang='lat' dir='ltr'>aliqui</span> <span class='ocrx_word' id='word_1_116' title='bbox 1727 1218 1859 1262; x_wconf 86' lang='lat' dir='ltr'>arte-</span> 
     </span>
     <span class='ocr_line' id='line_1_18' title="bbox 94 1286 1859 1354; baseline 0 -19"><span class='ocrx_word' id='word_1_117' title='bbox 94 1301 137 1335; x_wconf 92' lang='lat'>15</span> <span class='ocrx_word' id='word_1_118' title='bbox 161 1288 447 1354; x_wconf 91' lang='lat' dir='ltr'>riotomian,</span> <span class='ocrx_word' id='word_1_119' title='bbox 488 1287 640 1352; x_wconf 87' lang='lat' dir='ltr'>aliqui</span> <span class='ocrx_word' id='word_1_120' title='bbox 680 1289 830 1337; x_wconf 92' lang='lat' dir='ltr'>etiam</span> <span class='ocrx_word' id='word_1_121' title='bbox 869 1293 1095 1337; x_wconf 89' lang='lat' dir='ltr'>cauteres</span> <span class='ocrx_word' id='word_1_122' title='bbox 1104 1326 1119 1354; x_wconf 89' lang='lat'>,</span> <span class='ocrx_word' id='word_1_123' title='bbox 1165 1292 1220 1336; x_wconf 87' lang='lat' dir='ltr'>ut</span> <span class='ocrx_word' id='word_1_124' title='bbox 1259 1302 1319 1336; x_wconf 85' lang='lat' dir='ltr'>ex</span> <span class='ocrx_word' id='word_1_125' title='bbox 1365 1287 1442 1335; x_wconf 93' lang='lat' dir='ltr'>his</span> <span class='ocrx_word' id='word_1_126' title='bbox 1491 1286 1720 1336; x_wconf 91' lang='lat' dir='ltr'>omnibus</span> <span class='ocrx_word' id='word_1_127' title='bbox 1772 1286 1859 1336; x_wconf 91' lang='lat' dir='ltr'>ad-</span> 
     </span>
     <span class='ocr_line' id='line_1_19' title="bbox 158 1361 1860 1426; baseline 0 -17"><span class='ocrx_word' id='word_1_128' title='bbox 158 1361 329 1410; x_wconf 91' lang='lat' dir='ltr'>hibitis</span> <span class='ocrx_word' id='word_1_129' title='bbox 371 1362 650 1411; x_wconf 85' lang='lat' dir='ltr'>confortent</span> <span class='ocrx_word' id='word_1_130' title='bbox 682 1361 1077 1426; x_wconf 89' lang='lat' dir='ltr'>supradictarum</span> <span class='ocrx_word' id='word_1_131' title='bbox 1109 1376 1369 1410; x_wconf 91' lang='lat' dir='ltr'>causarum</span> <span class='ocrx_word' id='word_1_132' title='bbox 1409 1362 1668 1410; x_wconf 89' lang='lat' dir='ltr'>sanitatem</span> <span class='ocrx_word' id='word_1_133' title='bbox 1700 1361 1860 1410; x_wconf 87' lang='lat' dir='ltr'>fuisse</span> 
     </span>
     <span class='ocr_line' id='line_1_20' title="bbox 157 1434 1858 1502; baseline 0 -18"><span class='ocrx_word' id='word_1_134' title='bbox 157 1435 354 1500; x_wconf 91' lang='lat' dir='ltr'>plenam</span> <span class='ocrx_word' id='word_1_135' title='bbox 395 1437 545 1500; x_wconf 86' lang='lat' dir='ltr'>capiti</span> <span class='ocrx_word' id='word_1_136' title='bbox 581 1435 914 1502; x_wconf 83' lang='lat' dir='ltr'>reformatam,</span> <span class='ocrx_word' id='word_1_137' title='bbox 953 1450 1015 1485; x_wconf 91' lang='lat' dir='ltr'>ne</span> <span class='ocrx_word' id='word_1_138' title='bbox 1047 1436 1294 1485; x_wconf 90' lang='lat' dir='ltr'>variarum</span> <span class='ocrx_word' id='word_1_139' title='bbox 1326 1450 1558 1484; x_wconf 90' lang='lat' dir='ltr'>curarum</span> <span class='ocrx_word' id='word_1_140' title='bbox 1588 1434 1667 1484; x_wconf 89' lang='lat' dir='ltr'>vel</span> <span class='ocrx_word' id='word_1_141' title='bbox 1703 1434 1858 1484; x_wconf 85' lang='lat' dir='ltr'>bene-</span> 
     </span>
     <span class='ocr_line' id='line_1_21' title="bbox 158 1510 959 1563; baseline 0.001 -5"><span class='ocrx_word' id='word_1_142' title='bbox 158 1511 385 1559; x_wconf 88' lang='lat' dir='ltr'>ficiorum</span> <span class='ocrx_word' id='word_1_143' title='bbox 418 1512 596 1559; x_wconf 90' lang='lat' dir='ltr'>merita</span> <span class='ocrx_word' id='word_1_144' title='bbox 629 1510 959 1563; x_wconf 88' lang='lat' dir='ltr'>confutentur.</span> 
     </span>
    </p>
   </div>
   <div class='ocr_carea' id='block_1_4' title="bbox 148 1622 1860 2214">
    <p class='ocr_par' dir='ltr' id='par_1_4' title="bbox 148 1622 1860 2214">
     <span class='ocr_line' id='line_1_22' title="bbox 277 1622 1860 1681; baseline 0 -15"><span class='ocrx_word' id='word_1_145' title='bbox 277 1628 300 1666; x_wconf 89' lang='lat'>1</span> <span class='ocrx_word' id='word_1_146' title='bbox 337 1622 555 1681; x_wconf 88' lang='lat' dir='ltr'>sagapini</span> <span class='ocrx_word' id='word_1_147' title='bbox 585 1623 657 1668; x_wconf 64' lang='grc' dir='ltr'>ΥΒ</span> <span class='ocrx_word' id='word_1_148' title='bbox 667 1624 704 1669; x_wconf 84' lang='lat' dir='ltr'>b.</span> <span class='ocrx_word' id='word_1_149' title='bbox 868 1629 897 1674; x_wconf 81' lang='grc'>5</span> <span class='ocrx_word' id='word_1_150' title='bbox 927 1624 1001 1669; x_wconf 76' lang='lat' dir='ltr'>hic</span> <span class='ocrx_word' id='word_1_151' title='bbox 1031 1624 1199 1681; x_wconf 77' lang='lat' dir='ltr'>ubique</span> <span class='ocrx_word' id='word_1_152' title='bbox 1228 1623 1431 1668; x_wconf 70' lang='lat' dir='ltr'>‘ameris</span> <span class='ocrx_word' id='word_1_153' title='bbox 1462 1623 1567 1667; x_wconf 83' lang='lat' dir='ltr'>add.</span> <span class='ocrx_word' id='word_1_154' title='bbox 1599 1637 1625 1668; x_wconf 75' lang='lat' dir='ltr'>r</span> <span class='ocrx_word' id='word_1_155' title='bbox 1654 1623 1756 1678; x_wconf 86' lang='lat' dir='ltr'>(om.</span> <span class='ocrx_word' id='word_1_156' title='bbox 1774 1622 1860 1678; x_wconf 79' lang='grc' dir='ltr'>Β),</span> 
     </span>
     <span class='ocr_line' id='line_1_23' title="bbox 155 1680 1854 1739; baseline -0.004 -9"><span class='ocrx_word' id='word_1_157' title='bbox 155 1691 216 1730; x_wconf 78' lang='lat'>—2-</span> <span class='ocrx_word' id='word_1_158' title='bbox 241 1684 381 1739; x_wconf 91' lang='lat' dir='ltr'>(unc.)</span> <span class='ocrx_word' id='word_1_159' title='bbox 415 1683 520 1728; x_wconf 82' lang='lat' dir='ltr'>add.</span> <span class='ocrx_word' id='word_1_160' title='bbox 555 1683 595 1728; x_wconf 87' lang='lat' dir='ltr'>b.</span> <span class='ocrx_word' id='word_1_161' title='bbox 777 1688 803 1727; x_wconf 85' lang='lat'>2</span> <span class='ocrx_word' id='word_1_162' title='bbox 835 1682 951 1727; x_wconf 87' lang='lat' dir='ltr'>trita</span> <span class='ocrx_word' id='word_1_163' title='bbox 981 1683 1040 1727; x_wconf 93' lang='grc' dir='ltr'>Β.</span> <span class='ocrx_word' id='word_1_164' title='bbox 1220 1682 1308 1726; x_wconf 91' lang='lat' dir='ltr'>fico</span> <span class='ocrx_word' id='word_1_165' title='bbox 1342 1680 1552 1726; x_wconf 85' lang='lat' dir='ltr'>comissis</span> <span class='ocrx_word' id='word_1_166' title='bbox 1584 1696 1622 1738; x_wconf 80' lang='lat' dir='ltr'>r,</span> <span class='ocrx_word' id='word_1_167' title='bbox 1654 1681 1744 1725; x_wconf 77' lang='lat' dir='ltr'>ficfi</span> <span class='ocrx_word' id='word_1_168' title='bbox 1778 1685 1854 1724; x_wconf 83' lang='grc' dir='ltr'>οό-</span> 
     </span>
     <span class='ocr_line' id='line_1_24' title="bbox 155 1739 1857 1801; baseline 0.001 -16"><span class='ocrx_word' id='word_1_169' title='bbox 155 1741 299 1801; x_wconf 72' lang='lat' dir='ltr'>misce</span> <span class='ocrx_word' id='word_1_170' title='bbox 332 1742 384 1786; x_wconf 88' lang='lat' dir='ltr'>b:</span> <span class='ocrx_word' id='word_1_171' title='bbox 420 1741 486 1785; x_wconf 89' lang='lat' dir='ltr'>sic</span> <span class='ocrx_word' id='word_1_172' title='bbox 521 1741 745 1786; x_wconf 75' lang='lat' dir='ltr'>comisces</span> <span class='ocrx_word' id='word_1_173' title='bbox 776 1742 824 1787; x_wconf 95' lang='grc' dir='ltr'>Β</span> <span class='ocrx_word' id='word_1_174' title='bbox 847 1743 921 1800; x_wconf 76' lang='lat' dir='ltr'>(cf.</span> <span class='ocrx_word' id='word_1_175' title='bbox 959 1742 1045 1787; x_wconf 72' lang='lat' dir='ltr'>Th.</span> <span class='ocrx_word' id='word_1_176' title='bbox 1078 1742 1159 1788; x_wconf 79' lang='lat' dir='ltr'>Pr.</span> <span class='ocrx_word' id='word_1_177' title='bbox 1185 1745 1230 1797; x_wconf 83' lang='lat'>3,</span> <span class='ocrx_word' id='word_1_178' title='bbox 1261 1743 1320 1798; x_wconf 85' lang='lat'>6).</span> <span class='ocrx_word' id='word_1_179' title='bbox 1459 1742 1507 1785; x_wconf 88' lang='lat' dir='ltr'>et</span> <span class='ocrx_word' id='word_1_180' title='bbox 1536 1739 1682 1784; x_wconf 87' lang='lat' dir='ltr'>uteris</span> <span class='ocrx_word' id='word_1_181' title='bbox 1702 1775 1710 1784; x_wconf 91' lang='lat'><strong>.</strong></span> <span class='ocrx_word' id='word_1_182' title='bbox 1731 1740 1857 1786; x_wconf 69' lang='grc' dir='ltr'>..Βε</span> 
     </span>
     <span class='ocr_line' id='line_1_25' title="bbox 157 1799 1855 1859; baseline 0.001 -15"><span class='ocrx_word' id='word_1_183' title='bbox 157 1802 204 1845; x_wconf 89' lang='lat' dir='ltr'>et</span> <span class='ocrx_word' id='word_1_184' title='bbox 229 1800 406 1844; x_wconf 88' lang='lat' dir='ltr'>diutius</span> <span class='ocrx_word' id='word_1_185' title='bbox 430 1800 542 1845; x_wconf 89' lang='lat' dir='ltr'>teris</span> <span class='ocrx_word' id='word_1_186' title='bbox 560 1801 674 1859; x_wconf 69' lang='lat' dir='ltr'>(tis).</span> <span class='ocrx_word' id='word_1_187' title='bbox 704 1803 751 1846; x_wconf 91' lang='lat' dir='ltr'>et</span> <span class='ocrx_word' id='word_1_188' title='bbox 776 1801 1034 1859; x_wconf 72' lang='lat' dir='ltr'>emplastrfi</span> <span class='ocrx_word' id='word_1_189' title='bbox 1059 1804 1148 1847; x_wconf 84' lang='lat' dir='ltr'>ca†.</span> <span class='ocrx_word' id='word_1_190' title='bbox 1174 1805 1372 1858; x_wconf 71' lang='lat' dir='ltr'>prasura</span> <span class='ocrx_word' id='word_1_191' title='bbox 1395 1799 1566 1857; x_wconf 87' lang='lat' dir='ltr'>capitis</span> <span class='ocrx_word' id='word_1_192' title='bbox 1591 1799 1786 1857; x_wconf 84' lang='lat' dir='ltr'>inpones</span> <span class='ocrx_word' id='word_1_193' title='bbox 1812 1800 1855 1845; x_wconf 83' lang='lat' dir='ltr'>b.</span> 
     </span>
     <span class='ocr_line' id='line_1_26' title="bbox 156 1857 1856 1917; baseline 0.001 -15"><span class='ocrx_word' id='word_1_194' title='bbox 156 1864 182 1902; x_wconf 88' lang='lat'><strong>3</strong></span> <span class='ocrx_word' id='word_1_195' title='bbox 215 1859 362 1917; x_wconf 88' lang='lat' dir='ltr'>capiti</span> <span class='ocrx_word' id='word_1_196' title='bbox 393 1861 460 1906; x_wconf 86' lang='lat' dir='ltr'>B:</span> <span class='ocrx_word' id='word_1_197' title='bbox 494 1859 649 1917; x_wconf 86' lang='lat' dir='ltr'>capite</span> <span class='ocrx_word' id='word_1_198' title='bbox 687 1876 723 1906; x_wconf 78' lang='lat' dir='ltr'>r.</span> <span class='ocrx_word' id='word_1_199' title='bbox 875 1860 1135 1905; x_wconf 79' lang='lat' dir='ltr'>novaculae</span> <span class='ocrx_word' id='word_1_200' title='bbox 1166 1859 1440 1905; x_wconf 88' lang='lat' dir='ltr'>inferiorum</span> <span class='ocrx_word' id='word_1_201' title='bbox 1469 1858 1677 1917; x_wconf 88' lang='lat' dir='ltr'>partium</span> <span class='ocrx_word' id='word_1_202' title='bbox 1707 1857 1856 1903; x_wconf 84' lang='lat' dir='ltr'>femo-</span> 
     </span>
     <span class='ocr_line' id='line_1_27' title="bbox 154 1916 1857 1976; baseline -0.001 -14"><span class='ocrx_word' id='word_1_203' title='bbox 154 1933 314 1965; x_wconf 85' lang='lat' dir='ltr'>rum..</span> <span class='ocrx_word' id='word_1_204' title='bbox 336 1956 344 1964; x_wconf 95' lang='lat'>.</span> <span class='ocrx_word' id='word_1_205' title='bbox 370 1920 443 1964; x_wconf 60' lang='grc' dir='ltr'>ΥΒ</span> <span class='ocrx_word' id='word_1_206' title='bbox 461 1921 537 1975; x_wconf 81' lang='lat' dir='ltr'>(cf.</span> <span class='ocrx_word' id='word_1_207' title='bbox 570 1933 715 1974; x_wconf 79' lang='lat' dir='ltr'>supra</span> <span class='ocrx_word' id='word_1_208' title='bbox 745 1921 809 1964; x_wconf 79' lang='lat' dir='ltr'>ad</span> <span class='ocrx_word' id='word_1_209' title='bbox 832 1935 881 1976; x_wconf 65' lang='grc' dir='ltr'>Ρ.</span> <span class='ocrx_word' id='word_1_210' title='bbox 907 1923 1012 1975; x_wconf 77' lang='grc'>145,</span> <span class='ocrx_word' id='word_1_211' title='bbox 1036 1921 1094 1976; x_wconf 87' lang='grc'>9).</span> <span class='ocrx_word' id='word_1_212' title='bbox 1246 1923 1275 1962; x_wconf 89' lang='grc'>4</span> <span class='ocrx_word' id='word_1_213' title='bbox 1307 1921 1355 1963; x_wconf 92' lang='lat' dir='ltr'>et</span> <span class='ocrx_word' id='word_1_214' title='bbox 1384 1917 1674 1975; x_wconf 87' lang='lat' dir='ltr'>frequentius</span> <span class='ocrx_word' id='word_1_215' title='bbox 1707 1916 1857 1962; x_wconf 87' lang='lat' dir='ltr'>etiam</span> 
     </span>
     <span class='ocr_line' id='line_1_28' title="bbox 156 1978 1853 2036; baseline -0.001 -13"><span class='ocrx_word' id='word_1_216' title='bbox 156 1979 238 2034; x_wconf 80' lang='lat' dir='ltr'>(sic</span> <span class='ocrx_word' id='word_1_217' title='bbox 255 1979 315 2035; x_wconf 93' lang='grc' dir='ltr'>Β,</span> <span class='ocrx_word' id='word_1_218' title='bbox 342 1978 417 2021; x_wconf 91' lang='lat' dir='ltr'>cui</span> <span class='ocrx_word' id='word_1_219' title='bbox 442 1978 587 2022; x_wconf 89' lang='lat' dir='ltr'>etiam</span> <span class='ocrx_word' id='word_1_220' title='bbox 610 1978 901 2034; x_wconf 89' lang='lat' dir='ltr'>frequentius</span> <span class='ocrx_word' id='word_1_221' title='bbox 925 1981 967 2034; x_wconf 77' lang='lat' dir='ltr'>r)</span> <span class='ocrx_word' id='word_1_222' title='bbox 994 1993 1027 2022; x_wconf 85' lang='lat' dir='ltr'>s.</span> <span class='ocrx_word' id='word_1_223' title='bbox 1055 1978 1179 2036; x_wconf 84' lang='lat' dir='ltr'>appl.</span> <span class='ocrx_word' id='word_1_224' title='bbox 1206 1978 1453 2023; x_wconf 85' lang='lat' dir='ltr'>couveniet</span> <span class='ocrx_word' id='word_1_225' title='bbox 1475 1979 1574 2023; x_wconf 80' lang='lat' dir='ltr'>rB:</span> <span class='ocrx_word' id='word_1_226' title='bbox 1607 1991 1690 2024; x_wconf 87' lang='lat' dir='ltr'>om.</span> <span class='ocrx_word' id='word_1_227' title='bbox 1710 1979 1735 2022; x_wconf 85' lang='lat' dir='ltr'>b</span> <span class='ocrx_word' id='word_1_228' title='bbox 1753 1978 1853 2034; x_wconf 78' lang='lat' dir='ltr'>(ubi</span> 
     </span>
     <span class='ocr_line' id='line_1_29' title="bbox 154 2036 1856 2095; baseline 0 -13"><span class='ocrx_word' id='word_1_229' title='bbox 154 2039 310 2083; x_wconf 77' lang='lat' dir='ltr'>statim</span> <span class='ocrx_word' id='word_1_230' title='bbox 339 2051 424 2095; x_wconf 80' lang='lat' dir='ltr'>seq.</span> <span class='ocrx_word' id='word_1_231' title='bbox 490 2036 717 2082; x_wconf 83' lang='lat' dir='ltr'>Omnibus</span> <span class='ocrx_word' id='word_1_232' title='bbox 750 2039 959 2082; x_wconf 82' lang='lat' dir='ltr'>attamen</span> <span class='ocrx_word' id='word_1_233' title='bbox 989 2037 1204 2095; x_wconf 86' lang='lat' dir='ltr'>proprius</span> <span class='ocrx_word' id='word_1_234' title='bbox 1242 2036 1532 2094; x_wconf 78' lang='lat' dir='ltr'>temporibus</span> <span class='ocrx_word' id='word_1_235' title='bbox 1563 2041 1640 2082; x_wconf 81' lang='lat' dir='ltr'>etc.</span> <span class='ocrx_word' id='word_1_236' title='bbox 1674 2038 1856 2093; x_wconf 77' lang='lat' dir='ltr'>(ordine</span> 
     </span>
     <span class='ocr_line' id='line_1_30' title="bbox 154 2096 1851 2153; baseline -0.001 -11"><span class='ocrx_word' id='word_1_237' title='bbox 154 2097 372 2153; x_wconf 72' lang='lat' dir='ltr'>confuso).</span> <span class='ocrx_word' id='word_1_238' title='bbox 496 2101 525 2139; x_wconf 89' lang='lat'>4</span> <span class='ocrx_word' id='word_1_239' title='bbox 556 2096 677 2153; x_wconf 84' lang='lat' dir='ltr'>cycli</span> <span class='ocrx_word' id='word_1_240' title='bbox 701 2096 929 2141; x_wconf 88' lang='lat' dir='ltr'>beneficia</span> <span class='ocrx_word' id='word_1_241' title='bbox 953 2098 1027 2153; x_wconf 82' lang='lat' dir='ltr'>(sc.</span> <span class='ocrx_word' id='word_1_242' title='bbox 1053 2097 1332 2153; x_wconf 80' lang='lat' dir='ltr'>methodici):</span> <span class='ocrx_word' id='word_1_243' title='bbox 1365 2098 1423 2150; x_wconf 82' lang='lat' dir='ltr'>cf.</span> <span class='ocrx_word' id='word_1_244' title='bbox 1452 2096 1568 2141; x_wconf 83' lang='lat' dir='ltr'>Cael.</span> <span class='ocrx_word' id='word_1_245' title='bbox 1601 2096 1692 2141; x_wconf 81' lang='lat' dir='ltr'>chr.</span> <span class='ocrx_word' id='word_1_246' title='bbox 1717 2099 1763 2152; x_wconf 86' lang='lat'>1,</span> <span class='ocrx_word' id='word_1_247' title='bbox 1785 2099 1851 2141; x_wconf 81' lang='lat'>29</span> 
     </span>
     <span class='ocr_line' id='line_1_31' title="bbox 148 2153 1856 2214; baseline -0.002 -13"><span class='ocrx_word' id='word_1_248' title='bbox 148 2170 198 2214; x_wconf 77' lang='lat'>10-</span> <span class='ocrx_word' id='word_1_249' title='bbox 225 2159 451 2201; x_wconf 78' lang='lat'><em>578—80.</em></span> <span class='ocrx_word' id='word_1_250' title='bbox 621 2160 646 2198; x_wconf 91' lang='grc'>6</span> <span class='ocrx_word' id='word_1_251' title='bbox 679 2158 981 2213; x_wconf 86' lang='lat' dir='ltr'>perourantes</span> <span class='ocrx_word' id='word_1_252' title='bbox 1012 2156 1095 2201; x_wconf 60' lang='grc' dir='ltr'>ΥΒ.</span> <span class='ocrx_word' id='word_1_253' title='bbox 1265 2159 1291 2200; x_wconf 94' lang='grc'>8</span> <span class='ocrx_word' id='word_1_254' title='bbox 1322 2154 1561 2199; x_wconf 82' lang='lat' dir='ltr'>radicibus</span> <span class='ocrx_word' id='word_1_255' title='bbox 1594 2153 1732 2199; x_wconf 84' lang='lat' dir='ltr'>salsis</span> <span class='ocrx_word' id='word_1_256' title='bbox 1764 2153 1856 2198; x_wconf 88' lang='lat' dir='ltr'>ali-</span> 
     </span>
    </p>
   </div>
   <div class='ocr_carea' id='block_1_5' title="bbox 153 2224 1855 2541">
    <p class='ocr_par' dir='ltr' id='par_1_5' title="bbox 153 2224 1855 2421">
     <span class='ocr_line' id='line_1_32' title="bbox 155 2224 1852 2302; baseline -0.002 -13"><span class='ocrx_word' id='word_1_257' title='bbox 155 2244 343 2301; x_wconf 88' lang='lat' dir='ltr'>quando</span> <span class='ocrx_word' id='word_1_258' title='bbox 375 2244 612 2302; x_wconf 88' lang='lat' dir='ltr'>perceptio</span> <span class='ocrx_word' id='word_1_259' title='bbox 643 2245 738 2290; x_wconf 79' lang='lat' dir='ltr'>rB:</span> <span class='ocrx_word' id='word_1_260' title='bbox 771 2244 1022 2296; x_wconf 87' lang='lat' dir='ltr'>radicibus.</span> <span class='ocrx_word' id='word_1_261' title='bbox 1057 2246 1105 2289; x_wconf 91' lang='lat' dir='ltr'>et</span> <span class='ocrx_word' id='word_1_262' title='bbox 1133 2244 1220 2288; x_wconf 89' lang='lat' dir='ltr'>cal&#39;</span> <span class='ocrx_word' id='word_1_263' title='bbox 1254 2224 1314 2301; x_wconf 65' lang='lat' dir='ltr'>acal</span> <span class='ocrx_word' id='word_1_264' title='bbox 1344 2246 1512 2302; x_wconf 87' lang='lat' dir='ltr'>potata.</span> <span class='ocrx_word' id='word_1_265' title='bbox 1543 2246 1583 2290; x_wconf 86' lang='lat' dir='ltr'>b.</span> <span class='ocrx_word' id='word_1_266' title='bbox 1750 2248 1776 2287; x_wconf 88' lang='grc'><strong>9</strong></span> <span class='ocrx_word' id='word_1_267' title='bbox 1811 2242 1852 2287; x_wconf 86' lang='lat' dir='ltr'>si</span> 
     </span>
     <span class='ocr_line' id='line_1_33' title="bbox 155 2301 1855 2362; baseline -0.001 -15"><span class='ocrx_word' id='word_1_268' title='bbox 155 2304 446 2362; x_wconf 89' lang='lat' dir='ltr'>(secundum)</span> <span class='ocrx_word' id='word_1_269' title='bbox 477 2306 584 2349; x_wconf 82' lang='lat' dir='ltr'>add.</span> <span class='ocrx_word' id='word_1_270' title='bbox 616 2319 642 2349; x_wconf 81' lang='lat' dir='ltr'>r</span> <span class='ocrx_word' id='word_1_271' title='bbox 665 2305 725 2362; x_wconf 83' lang='lat' dir='ltr'>(et</span> <span class='ocrx_word' id='word_1_272' title='bbox 755 2305 802 2361; x_wconf 84' lang='lat' dir='ltr'>b,</span> <span class='ocrx_word' id='word_1_273' title='bbox 841 2305 923 2349; x_wconf 78' lang='lat' dir='ltr'>ubi</span> <span class='ocrx_word' id='word_1_274' title='bbox 953 2306 1019 2349; x_wconf 84' lang='lat' dir='ltr'>sic</span> <span class='ocrx_word' id='word_1_275' title='bbox 1048 2303 1147 2348; x_wconf 89' lang='lat' dir='ltr'>Hec</span> <span class='ocrx_word' id='word_1_276' title='bbox 1179 2304 1337 2349; x_wconf 83' lang='lat' dir='ltr'>omnia</span> <span class='ocrx_word' id='word_1_277' title='bbox 1366 2317 1591 2361; x_wconf 86' lang='lat' dir='ltr'>prospera</span> <span class='ocrx_word' id='word_1_278' title='bbox 1622 2304 1670 2347; x_wconf 91' lang='lat' dir='ltr'>et</span> <span class='ocrx_word' id='word_1_279' title='bbox 1699 2301 1855 2346; x_wconf 81' lang='lat' dir='ltr'>mani-</span> 
     </span>
     <span class='ocr_line' id='line_1_34' title="bbox 153 2363 1728 2421; baseline -0.001 -14"><span class='ocrx_word' id='word_1_280' title='bbox 153 2363 277 2408; x_wconf 88' lang='lat' dir='ltr'>festa</span> <span class='ocrx_word' id='word_1_281' title='bbox 310 2365 431 2407; x_wconf 90' lang='lat' dir='ltr'>sunt.</span> <span class='ocrx_word' id='word_1_282' title='bbox 472 2365 512 2407; x_wconf 88' lang='lat' dir='ltr'>si</span> <span class='ocrx_word' id='word_1_283' title='bbox 552 2363 807 2408; x_wconf 86' lang='lat' dir='ltr'>secundum</span> <span class='ocrx_word' id='word_1_284' title='bbox 837 2377 999 2408; x_wconf 89' lang='lat' dir='ltr'>usum.</span> <span class='ocrx_word' id='word_1_285' title='bbox 1021 2398 1031 2408; x_wconf 92' lang='lat'><strong>.</strong></span> <span class='ocrx_word' id='word_1_286' title='bbox 1052 2365 1093 2421; x_wconf 88' lang='lat'>.).</span> <span class='ocrx_word' id='word_1_287' title='bbox 1248 2369 1303 2408; x_wconf 90' lang='lat'>10</span> <span class='ocrx_word' id='word_1_288' title='bbox 1329 2363 1543 2408; x_wconf 90' lang='lat' dir='ltr'>omnibus</span> <span class='ocrx_word' id='word_1_289' title='bbox 1575 2377 1657 2408; x_wconf 84' lang='lat' dir='ltr'>om.</span> <span class='ocrx_word' id='word_1_290' title='bbox 1690 2377 1728 2407; x_wconf 80' lang='lat' dir='ltr'>r.</span> 
     </span>
    </p>

    <p class='ocr_par' dir='ltr' id='par_1_6' title="bbox 153 2422 1853 2541">
     <span class='ocr_line' id='line_1_35' title="bbox 157 2422 1852 2480; baseline -0.002 -13"><span class='ocrx_word' id='word_1_291' title='bbox 157 2428 210 2467; x_wconf 81' lang='lat'>12</span> <span class='ocrx_word' id='word_1_292' title='bbox 261 2424 473 2467; x_wconf 83' lang='lat' dir='ltr'>attamen</span> <span class='ocrx_word' id='word_1_293' title='bbox 510 2437 548 2468; x_wconf 77' lang='lat' dir='ltr'>r.</span> <span class='ocrx_word' id='word_1_294' title='bbox 751 2427 805 2466; x_wconf 88' lang='lat'>13</span> <span class='ocrx_word' id='word_1_295' title='bbox 853 2422 973 2467; x_wconf 90' lang='lat' dir='ltr'>iram</span> <span class='ocrx_word' id='word_1_296' title='bbox 1014 2422 1086 2479; x_wconf 88' lang='lat' dir='ltr'>B,</span> <span class='ocrx_word' id='word_1_297' title='bbox 1134 2436 1296 2480; x_wconf 86' lang='lat' dir='ltr'>geram</span> <span class='ocrx_word' id='word_1_298' title='bbox 1333 2438 1378 2480; x_wconf 81' lang='lat' dir='ltr'>r,</span> <span class='ocrx_word' id='word_1_299' title='bbox 1425 2436 1538 2479; x_wconf 83' lang='lat' dir='ltr'>yera.</span> <span class='ocrx_word' id='word_1_300' title='bbox 1577 2423 1615 2467; x_wconf 86' lang='lat' dir='ltr'>b.</span> <span class='ocrx_word' id='word_1_301' title='bbox 1790 2424 1852 2464; x_wconf 80' lang='lat'>14</span> 
     </span>
     <span class='ocr_line' id='line_1_36' title="bbox 153 2481 1853 2541; baseline -0.002 -15"><span class='ocrx_word' id='word_1_302' title='bbox 153 2481 282 2541; x_wconf 85' lang='lat' dir='ltr'>greci</span> <span class='ocrx_word' id='word_1_303' title='bbox 321 2482 507 2539; x_wconf 83' lang='lat' dir='ltr'>picran:</span> <span class='ocrx_word' id='word_1_304' title='bbox 555 2482 700 2527; x_wconf 90' lang='lat' dir='ltr'>ceteri</span> <span class='ocrx_word' id='word_1_305' title='bbox 737 2481 846 2539; x_wconf 82' lang='lat' dir='ltr'>pica</span> <span class='ocrx_word' id='word_1_306' title='bbox 870 2484 969 2539; x_wconf 81' lang='lat' dir='ltr'>(sic)</span> <span class='ocrx_word' id='word_1_307' title='bbox 1000 2483 1068 2538; x_wconf 91' lang='grc' dir='ltr'>Β,</span> <span class='ocrx_word' id='word_1_308' title='bbox 1109 2482 1253 2526; x_wconf 87' lang='lat' dir='ltr'>ceteri</span> <span class='ocrx_word' id='word_1_309' title='bbox 1285 2482 1469 2540; x_wconf 85' lang='lat' dir='ltr'>pigram</span> <span class='ocrx_word' id='word_1_310' title='bbox 1507 2497 1533 2527; x_wconf 82' lang='lat' dir='ltr'>r</span> <span class='ocrx_word' id='word_1_311' title='bbox 1571 2482 1646 2539; x_wconf 90' lang='lat' dir='ltr'>(et</span> <span class='ocrx_word' id='word_1_312' title='bbox 1681 2481 1853 2538; x_wconf 74' lang='lat' dir='ltr'>postea,</span> 
     </span>
    </p>
   </div>
   <div class='ocr_carea' id='block_1_6' title="bbox 150 2552 1850 2926">
    <p class='ocr_par' dir='ltr' id='par_1_7' title="bbox 150 2552 1850 2926">
     <span class='ocr_line' id='line_1_37' title="bbox 152 2552 1847 2629; baseline -0.001 -15"><span class='ocrx_word' id='word_1_313' title='bbox 152 2552 260 2629; x_wconf 61' lang='lat' dir='ltr'>pigi-⁵</span> <span class='ocrx_word' id='word_1_314' title='bbox 283 2573 339 2629; x_wconf 84' lang='lat' dir='ltr'>b).</span> <span class='ocrx_word' id='word_1_315' title='bbox 487 2575 543 2615; x_wconf 87' lang='lat'>14</span> <span class='ocrx_word' id='word_1_316' title='bbox 576 2570 963 2616; x_wconf 66' lang='lat' dir='ltr'>arthariotomian</span> <span class='ocrx_word' id='word_1_317' title='bbox 994 2572 1101 2628; x_wconf 50' lang='grc' dir='ltr'>με,</span> <span class='ocrx_word' id='word_1_318' title='bbox 1123 2573 1165 2627; x_wconf 77' lang='lat' dir='ltr'>r)</span> <span class='ocrx_word' id='word_1_319' title='bbox 1189 2572 1275 2628; x_wconf 51' lang='grc' dir='ltr'>ΥΒ,</span> <span class='ocrx_word' id='word_1_320' title='bbox 1309 2571 1545 2616; x_wconf 82' lang='lat' dir='ltr'>ortheroto</span> <span class='ocrx_word' id='word_1_321' title='bbox 1576 2569 1775 2614; x_wconf 74' lang='lat' dir='ltr'>tomiam</span> <span class='ocrx_word' id='word_1_322' title='bbox 1805 2570 1847 2614; x_wconf 88' lang='lat' dir='ltr'>b.</span> 
     </span>
     <span class='ocr_line' id='line_1_38' title="bbox 155 2628 1848 2688; baseline 0.001 -15"><span class='ocrx_word' id='word_1_323' title='bbox 155 2636 210 2675; x_wconf 86' lang='lat'>15</span> <span class='ocrx_word' id='word_1_324' title='bbox 242 2632 297 2675; x_wconf 92' lang='lat' dir='ltr'>ut</span> <span class='ocrx_word' id='word_1_325' title='bbox 328 2644 384 2675; x_wconf 84' lang='lat' dir='ltr'>ex</span> <span class='ocrx_word' id='word_1_326' title='bbox 415 2646 460 2676; x_wconf 81' lang='lat' dir='ltr'>r:</span> <span class='ocrx_word' id='word_1_327' title='bbox 493 2632 548 2674; x_wconf 91' lang='lat' dir='ltr'>ut</span> <span class='ocrx_word' id='word_1_328' title='bbox 579 2632 619 2688; x_wconf 85' lang='lat' dir='ltr'>b,</span> <span class='ocrx_word' id='word_1_329' title='bbox 653 2632 700 2676; x_wconf 86' lang='lat' dir='ltr'>et</span> <span class='ocrx_word' id='word_1_330' title='bbox 730 2632 788 2676; x_wconf 93' lang='grc' dir='ltr'>Β.</span> <span class='ocrx_word' id='word_1_331' title='bbox 954 2634 1009 2674; x_wconf 93' lang='grc'>16</span> <span class='ocrx_word' id='word_1_332' title='bbox 1042 2630 1307 2675; x_wconf 87' lang='lat' dir='ltr'>confortent</span> <span class='ocrx_word' id='word_1_333' title='bbox 1338 2632 1435 2687; x_wconf 81' lang='lat' dir='ltr'>(sic)</span> <span class='ocrx_word' id='word_1_334' title='bbox 1467 2631 1526 2686; x_wconf 91' lang='grc' dir='ltr'>Β,</span> <span class='ocrx_word' id='word_1_335' title='bbox 1559 2628 1792 2674; x_wconf 82' lang='lat' dir='ltr'>confortet</span> <span class='ocrx_word' id='word_1_336' title='bbox 1820 2642 1848 2674; x_wconf 78' lang='lat' dir='ltr'>r</span> 
     </span>
     <span class='ocr_line' id='line_1_39' title="bbox 153 2687 1850 2748; baseline -0.001 -15"><span class='ocrx_word' id='word_1_337' title='bbox 153 2690 447 2745; x_wconf 86' lang='lat' dir='ltr'>(confirmant</span> <span class='ocrx_word' id='word_1_338' title='bbox 478 2691 533 2747; x_wconf 87' lang='lat' dir='ltr'>b).</span> <span class='ocrx_word' id='word_1_339' title='bbox 759 2689 1015 2734; x_wconf 81' lang='lat' dir='ltr'>sanitatem</span> <span class='ocrx_word' id='word_1_340' title='bbox 1044 2689 1213 2734; x_wconf 85' lang='lat' dir='ltr'>suisset</span> <span class='ocrx_word' id='word_1_341' title='bbox 1241 2690 1383 2748; x_wconf 89' lang='lat' dir='ltr'>plena</span> <span class='ocrx_word' id='word_1_342' title='bbox 1414 2687 1563 2747; x_wconf 87' lang='lat' dir='ltr'>capiti</span> <span class='ocrx_word' id='word_1_343' title='bbox 1592 2687 1850 2733; x_wconf 75' lang='lat' dir='ltr'>reformata</span> 
     </span>
     <span class='ocr_line' id='line_1_40' title="bbox 150 2746 1844 2807; baseline -0.001 -17"><span class='ocrx_word' id='word_1_344' title='bbox 150 2748 389 2792; x_wconf 76' lang='lat' dir='ltr'>variarum</span> <span class='ocrx_word' id='word_1_345' title='bbox 420 2755 497 2794; x_wconf 82' lang='lat' dir='ltr'>etc.</span> <span class='ocrx_word' id='word_1_346' title='bbox 524 2750 621 2807; x_wconf 81' lang='lat' dir='ltr'>(sic)</span> <span class='ocrx_word' id='word_1_347' title='bbox 645 2764 670 2794; x_wconf 77' lang='lat' dir='ltr'>r</span> <span class='ocrx_word' id='word_1_348' title='bbox 694 2751 819 2806; x_wconf 80' lang='lat' dir='ltr'>(haec</span> <span class='ocrx_word' id='word_1_349' title='bbox 848 2764 888 2795; x_wconf 84' lang='lat' dir='ltr'>v.</span> <span class='ocrx_word' id='word_1_350' title='bbox 914 2752 1095 2795; x_wconf 81' lang='lat'><strong><em>15-18</em></strong></span> <span class='ocrx_word' id='word_1_351' title='bbox 1124 2751 1190 2794; x_wconf 82' lang='lat' dir='ltr'>sic</span> <span class='ocrx_word' id='word_1_352' title='bbox 1220 2749 1450 2796; x_wconf 72' lang='lat' dir='ltr'>contrahit</span> <span class='ocrx_word' id='word_1_353' title='bbox 1479 2750 1526 2794; x_wconf 76' lang='lat' dir='ltr'>b:</span> <span class='ocrx_word' id='word_1_354' title='bbox 1558 2749 1612 2792; x_wconf 88' lang='lat' dir='ltr'>nt</span> <span class='ocrx_word' id='word_1_355' title='bbox 1642 2746 1716 2790; x_wconf 85' lang='lat' dir='ltr'>his</span> <span class='ocrx_word' id='word_1_356' title='bbox 1748 2759 1844 2790; x_wconf 90' lang='lat' dir='ltr'>om-</span> 
     </span>
     <span class='ocr_line' id='line_1_41' title="bbox 150 2805 1848 2853; baseline -0.002 -3"><span class='ocrx_word' id='word_1_357' title='bbox 150 2806 291 2851; x_wconf 86' lang='lat' dir='ltr'>nibus</span> <span class='ocrx_word' id='word_1_358' title='bbox 324 2807 552 2852; x_wconf 88' lang='lat' dir='ltr'>adhibitis</span> <span class='ocrx_word' id='word_1_359' title='bbox 590 2822 649 2852; x_wconf 90' lang='lat' dir='ltr'>ne</span> <span class='ocrx_word' id='word_1_360' title='bbox 688 2807 1021 2853; x_wconf 86' lang='lat' dir='ltr'>beneficiorum</span> <span class='ocrx_word' id='word_1_361' title='bbox 1059 2808 1230 2853; x_wconf 88' lang='lat' dir='ltr'>merita</span> <span class='ocrx_word' id='word_1_362' title='bbox 1272 2807 1629 2853; x_wconf 82' lang='lat' dir='ltr'>confundantur.</span> <span class='ocrx_word' id='word_1_363' title='bbox 1681 2805 1848 2850; x_wconf 85' lang='lat' dir='ltr'>confir-</span> 
     </span>
     <span class='ocr_line' id='line_1_42' title="bbox 150 2865 1848 2926; baseline 0.001 -18"><span class='ocrx_word' id='word_1_364' title='bbox 150 2867 284 2909; x_wconf 87' lang='lat' dir='ltr'>mant</span> <span class='ocrx_word' id='word_1_365' title='bbox 316 2866 484 2923; x_wconf 86' lang='lat' dir='ltr'>capitis</span> <span class='ocrx_word' id='word_1_366' title='bbox 518 2868 802 2926; x_wconf 86' lang='lat' dir='ltr'>sanitatem).</span> <span class='ocrx_word' id='word_1_367' title='bbox 895 2871 950 2912; x_wconf 89' lang='lat'>18</span> <span class='ocrx_word' id='word_1_368' title='bbox 977 2867 1276 2913; x_wconf 86' lang='lat' dir='ltr'>confutentur</span> <span class='ocrx_word' id='word_1_369' title='bbox 1297 2883 1343 2921; x_wconf 71' lang='lat' dir='ltr'>r:</span> <span class='ocrx_word' id='word_1_370' title='bbox 1377 2865 1766 2912; x_wconf 82' lang='lat' dir='ltr'>confunderentur</span> <span class='ocrx_word' id='word_1_371' title='bbox 1781 2865 1848 2921; x_wconf 89' lang='lat' dir='ltr'>B,</span> 
     </span>
    </p>
   </div>
   <div class='ocr_carea' id='block_1_7' title="bbox 149 2926 868 2985">
    <p class='ocr_par' dir='ltr' id='par_1_8' title="bbox 149 2926 868 2985">
     <span class='ocr_line' id='line_1_43' title="bbox 149 2926 868 2985; baseline 0.004 -15"><span class='ocrx_word' id='word_1_372' title='bbox 149 2927 340 2971; x_wconf 84' lang='lat' dir='ltr'>—retur</span> <span class='ocrx_word' id='word_1_373' title='bbox 361 2940 386 2972; x_wconf 77' lang='lat' dir='ltr'>r</span> <span class='ocrx_word' id='word_1_374' title='bbox 418 2926 781 2984; x_wconf 89' lang='lat' dir='ltr'>(confundantur</span> <span class='ocrx_word' id='word_1_375' title='bbox 812 2929 868 2985; x_wconf 89' lang='lat' dir='ltr'>b).</span> 
     </span>
    </p>
   </div>
  </div>
 </body>
</html>
