1988 3184
203 125 312 180 302
757 121 1346 180 PSEUDO-'EHEODomj

202 258 261 303 in
271 259 340 302 du
349 271 374 302 c
384 271 408 302 e
417 271 451 301 n
461 257 491 300 d
501 270 530 300 a
539 270 560 300 s
599 258 648 299 et
686 253 1005 299 concavitates
1043 252 1306 309 replendas.
1361 253 1592 297 testarum
1631 254 1892 298 ostrearum
1951 301 1955 303 Α

203 324 552 369 combustarum
583 332 643 370 -ζ-
673 321 759 377 111,
805 319 957 364 libani
988 329 1047 369 -ζ-
1077 319 1132 363 Π.
1180 320 1280 362 tere
1323 318 1563 363 subtiliter
1599 321 1649 364 et
1685 318 1886 377 impone.

202 390 339 437 item
363 388 735 445 emplastrum
750 386 899 442 quod
922 384 1069 429 facit
1086 384 1156 428 ad
1173 398 1361 429 omnes
1380 385 1606 443 plagas,
1631 386 1694 430 ad
1708 387 1887 444 pectus,
1958 386 1960 390 '

202 456 264 500 ad
295 469 408 512 epar
438 456 486 498 et
517 453 580 497 ad
611 452 833 509 splenem,
864 451 1067 496 maxime
1100 451 1162 496 ad
1186 465 1237 496 os
1261 451 1464 497 fractum
1494 452 1752 497 certissime
1782 465 1889 509 pro—

160 534 180 567 5
203 522 368 565 batum
415 521 498 564 est.
555 517 724 575 recipit
770 517 897 562 aloes
942 517 1163 562 mastices
1208 532 1393 563 murrae
1443 518 1596 563 libani
1636 556 1644 565 .
1682 556 1690 565 .
1726 556 1734 564 .
1765 518 1889 563 auri-
1968 558 1970 562 ,

199 588 429 646 pigmenti
452 585 660 644 pulveris
690 584 805 629 nitri
829 584 1015 641 antiqui
1040 598 1131 629 ana
1154 596 1215 633 -ζ-
1235 584 1337 642 IIII,
1370 599 1503 630 cerae
1535 588 1585 630 et
1612 585 1732 643 picis
1764 585 1890 642 quod
1971 635 1973 639 ¹

201 654 386 700 sufficit.
439 666 560 710 pone
601 652 663 696 ad
702 651 969 696 lumborum
1002 651 1232 707 dolorem,
1272 665 1436 695 renum
1464 665 1714 696 nervorum
1742 651 1889 709 poda-
1936 649 1938 651 ’
1974 676 1977 698 :

199 734 311 778 grae
348 719 422 763 ilii
461 719 617 764 etad
664 732 823 763 omnes
879 717 1062 763 dolores
1110 717 1329 774 corporis.
1386 718 1524 762 item
1571 719 1641 763 ad
1687 731 1886 763 carnes

198 785 516 843 iungendas
550 785 759 829 subito.
804 784 974 841 recipit
1004 784 1123 841 picis
1158 785 1214 829 de
1238 799 1359 829 nave
1393 785 1662 844 [chalastici
1694 785 1886 841 quidem

132 866 175 897 10
199 852 502 910 CODf30t1]—1-
526 851 628 907 ΙΠΙ,
669 851 889 895 mastices
923 850 1143 895 aluminis
1174 851 1312 909 gypsi
1345 851 1467 896 cocti
1492 866 1584 896 ana
1614 863 1674 902 ÷
1696 852 1737 908 Ι,
1768 851 1887 897 turis

196 932 380 962 murrae
412 917 539 962 aloes
571 917 874 974 tragacanthi
906 917 1077 961 cummi
1110 917 1234 962 fellis
1273 918 1451 962 taurini
1495 918 1777 963 ammoniaci
1806 933 1887 975 pe·
1978 922 1988 979 g

195 988 298 1029 trae
329 984 535 1028 focariae
566 983 666 1028 boli
698 997 790 1027 ana
819 993 879 1031 -ζ-
909 983 970 1040 V,
1003 983 1141 1040 gypsi
1171 984 1270 1029 vivi
1288 985 1441 1041 VIIII,
1474 985 1703 1029 vermium
1733 987 1887 1029 terrae

197 1054 424 1108 quantum
449 1051 635 1108 sufficit,
662 1049 947 1108 anagallidis
963 1050 1153 1106 -:—VHI‚
1172 1050 1414 1108 sanguinis
1439 1051 1641 1096 hominis
1663 1051 1835 1096 libram
1850 1051 1884 1108 I,

196 1118 391 1175 galbani
422 1131 480 1167 ÷
503 1118 581 1162 ΠΙ.
614 1116 788 1174 pellem
818 1115 1027 1160 vervecis
1061 1116 1313 1173 spoliatam
1342 1117 1440 1175 pilo
1474 1132 1621 1174 coque
1652 1120 1706 1162 ut
1735 1117 1884 1174 lique-

131 1196 173 1228 15
197 1185 291 1229 fiat.
340 1187 505 1241 postea
538 1198 684 1239 coque
716 1183 767 1226 in
789 1183 941 1227 vicem
971 1182 1022 1225 in
1055 1182 1164 1239 olla,
1197 1184 1419 1228 abstrahe
1453 1185 1513 1228 ab
1538 1185 1647 1242 igne
1676 1187 1725 1230 et
1746 1185 1883 1228 mitte

196 1251 348 1308 ipsam
396 1264 568 1306 aquam
615 1250 665 1293 in
713 1249 869 1306 ollam,
918 1249 1106 1306 claude,
1151 1250 1320 1295 deinde
1367 1251 1555 1308 cooperi
1600 1266 1705 1309 vas,
1748 1252 1884 1296 mitte

197 1321 425 1374 quantum
463 1317 588 1361 inter
626 1316 984 1361 conventionem
1021 1316 1229 1373 positum
1267 1317 1422 1361 fuerit.
1471 1317 1560 1361 hoc
1590 1317 1884 1362 medicamen

197 1385 236 1429 si
268 1385 318 1428 in
350 1383 496 1428 oculis
528 1383 737 1440 positum
767 1383 922 1439 fuerit,
960 1382 1124 1427 statim
1153 1383 1407 1440 iungentur
1437 1383 1707 1441 palpebrae,
1741 1383 1781 1428 si
1812 1383 1883 1427 in-

196 1451 304 1495 cisis
336 1450 579 1507 membris,
612 1449 756 1494 tertia
789 1449 864 1493 die
898 1451 1048 1505 sanat,
1082 1449 1386 1510 (cicatricis)
1417 1449 1600 1495 nullum
1629 1450 1883 1507 vestigium

130 1527 171 1558 20
197 1516 505 1574 cognoscitur.
539 1517 677 1561 item
704 1529 894 1572 ungue
928 1516 998 1561 ad
1035 1515 1277 1572 plagam.
1325 1515 1443 1573 mel,
1474 1516 1682 1573 piculam
1713 1530 1884 1572 aequa-

194 1583 316 1640 liter,
350 1585 397 1627 et
427 1583 492 1627 fel
524 1586 572 1627 et
605 1583 661 1626 de
693 1582 847 1625 farina
878 1581 1086 1626 volatica
1116 1596 1283 1638 parum
1315 1585 1363 1626 et
1394 1585 1590 1628 acetum.
1638 1582 1768 1626 mina
1791 1582 1882 1626 for-

194 1650 307 1694 titer
353 1653 400 1694 et
453 1649 653 1706 impone.
711 1649 848 1693 item
904 1648 1104 1693 salviam
1158 1648 1425 1692 silvaticam
1468 1652 1516 1693 et
1563 1649 1881 1706 domesticam,

193 1716 388 1760 herbam
413 1715 678 1772 dolavento,
711 1715 1043 1772 gallicentrum
1068 1717 1114 1758 et
1138 1715 1339 1759 urticam
1363 1718 1411 1760 et
1434 1716 1744 1762 millefolium.
1778 1730 1883 1760 cum

195 1796 304 1826 suco
342 1782 549 1826 omnium
581 1782 749 1826 horum
780 1781 916 1825 mitte
958 1781 1169 1837 sagimen
1207 1781 1395 1826 frictum
1427 1797 1581 1827 ceram
1613 1785 1661 1827 et
1690 1782 1804 1840 mel,
1838 1785 1886 1827 et

128 1858 170 1889 25
194 1847 269 1892 fac
292 1848 464 1893 bullire
487 1848 693 1905 insimul,
727 1851 776 1892 et
798 1847 999 1905 impone.
1033 1850 1382 1904 unguentum
1407 1850 1467 1892 ut
1499 1847 1746 1893 cicatrix
1775 1862 1884 1893 non

196 1918 489 1970 appareat.
539 1928 701 1959 sevum
731 1914 977 1971 porcinum
1006 1913 1117 1958 lava
1147 1913 1198 1957 in
1228 1928 1397 1959 novem
1421 1914 1555 1971 aquis
1588 1917 1636 1959 et
1666 1915 1802 1960 mitte
1833 1915 1884 1959 in

194 1993 305 2023 vase
337 1993 474 2036 super
506 1980 745 2037 carbones,
779 1983 827 2024 et
858 1994 997 2037 super
1026 1979 1186 2024 mittes
1219 1994 1352 2025 cerae
1383 1995 1550 2037 parum
1581 1983 1629 2025 et
1660 1981 1775 2039 olei,
1806 1981 1882 2026 fac

194 2044 371 2088 fervere
412 2045 570 2103 simul,
618 2049 784 2103 postea
832 2046 936 2090 cola
979 2048 1027 2090 et
1065 2046 1268 2104 adiunge
1307 2047 1520 2092 libanum
1564 2047 1794 2093 masticen
1833 2051 1881 2093 et

192 2110 411 2167 piculam,
445 2114 492 2155 et
522 2112 597 2155 fac
628 2126 794 2169 parum
825 2111 996 2156 bullire
1033 2113 1083 2155 in
1116 2113 1224 2171 olla,
1256 2116 1421 2170 postea
1444 2113 1583 2158 tolles
1609 2115 1669 2158 ab
1701 2114 1810 2171 igne
1834 2117 1883 2159 et

313 2322 335 2359 1
369 2319 517 2361 testas
544 2332 583 2362 o.
612 2318 879 2363 combustas
906 2322 943 2366 b.
1034 2288 1037 2290 -
1098 2324 1123 2362 5
1149 2323 1192 2374 Bc
1219 2321 1316 2374 (hic
1332 2321 1553 2377 primum)
1573 2323 1611 2366 b.
1763 2319 1880 2364 Aloe

192 2394 321 2447 Mas}
358 2404 498 2450 Mine
549 2405 731 2451 Libani.
781 2395 949 2453 &menn
989 2407 1105 2465 (boli
1134 2408 1396 2469 parmam).
1430 2408 1547 2452 Auri
1585 2424 1628 2465 p.
1664 2410 1701 2453 b.

193 2479 219 2518 8
243 2476 329 2531 ylii
354 2479 390 2522 b.
552 2484 577 2522 9
610 2482 653 2530 Rs
678 2481 716 2524 b.
877 2481 1091 2526 calastici
1125 2465 1155 2539 ‘ql
1189 2482 1391 2526 confecti
1425 2484 1528 2539 (sic)
1562 2483 1587 2527 b
1621 2483 1696 2537 (cf.
1722 2482 1877 2526 Diosc.
1917 2522 1919 2524 .

192 2540 234 2589 1,
259 2538 354 2590 98).
389 2536 519 2581 deb?
615 2541 671 2581 10
703 2538 912 2595 Gripsiaci
944 2542 982 2585 b.
1107 2545 1159 2584 11
1195 2541 1415 2597 draganti
1448 2543 1486 2586 b.
1580 2540 1807 2585 Οτι-11111310
1838 2542 1878 2585 b.

195 2625 248 2663 13
274 2623 529 2679 anagalliei
557 2626 659 2681 (sie)
687 2628 725 2671 b.
809 2632 864 2671 14
879 2628 978 2684 pilo
1003 2610 1035 2684 ἐξ
1060 2630 1099 2674 b.
1194 2634 1248 2673 15
1272 2629 1395 2673 ivios
1418 2630 1484 2674 sic
1500 2630 1539 2674 b.
1633 2633 1686 2672 16
1713 2628 1878 2672 claude

191 2712 241 2750 ὦ
272 2691 408 2776 σὲορὶ
438 2725 521 2776 vas
554 2714 592 2757 b.
689 2719 743 2758 19
769 2714 1024 2762 cicatricis:
1058 2717 1098 2760 si
1121 2717 1335 2761 nixculsa
1362 2718 1464 2773 (sic)
1490 2718 1528 2762 b.
1620 2720 1676 2760 20
1704 2715 1878 2773 pegula

193 2766 218 2809 b
250 2768 395 2822 (mfra
424 2769 659 2827 p1culam).
803 2778 856 2816 21
885 2777 1020 2834 aceto
1054 2778 1090 2820 b.
1213 2775 1342 2820 mina
1371 2777 1437 2821 sic
1468 2777 1507 2822 b.
1658 2779 1715 2819 23
1748 2773 1877 2819 dola-

191 2855 345 2898 vento.
385 2833 734 2923 gallicent'spic)
762 2860 799 2903 b.
895 2865 950 2905 25
983 2867 1081 2919 ung
1112 2865 1149 2909 b.
1245 2869 1300 2907 26
1331 2844 1431 2908 viiii
1457 2864 1559 2920 (sic)
1587 2864 1625 2908 b.
1710 2866 1766 2906 28
1792 2861 1878 2906 oli-

191 2910 367 2954 banum
391 2914 416 2956 b
442 2915 554 2968 (ztal.
589 2914 809 2973 ohbano).
