1988 3184
777 116 1090 163 GYNAECLA.
1669 113 1780 168 463

211 248 394 293 Lucas
419 246 628 292 christi
653 260 850 292 servus
877 249 933 291 et
954 245 1252 303 medicus*)
1270 245 1485 291 omnibus
1510 246 1779 291 christianis

14 346 19 362 ,-
93 309 143 353 et
186 306 382 352 medicis
428 306 546 351 haec
592 305 808 372 epistola.
855 307 1042 350 constat
1081 305 1177 362 hyp
1180 307 1386 349 ocratem
1426 305 1661 350 medicum
1695 319 1780 363 per

0 372 17 422 g
91 368 307 423 tempora
345 379 431 410 sua
468 379 658 422 pagana
698 363 938 422 scripsisse
977 364 1230 410 volumina.
1277 366 1326 408 et
1362 363 1471 409 ideo
1509 364 1579 408 ibi
1617 364 1779 420 aliqua

92 438 194 470 esse
226 425 438 469 obscura
470 424 673 480 quedam
701 437 812 468 vero
841 422 1082 480 generalia
1113 422 1235 467 sicut
1266 424 1338 467 est
1368 422 1490 467 illud
1522 423 1634 468 ..VII
1668 423 1778 468 stel-

0 483 5 537 Ϊ
91 483 152 528 lis
185 483 343 528 omnia
372 482 654 527 ministrare.
695 495 835 538 quem
864 481 1066 539 gentiles
1099 482 1355 526 credebant
1386 495 1443 526 ex
1475 482 1572 527 sole
1603 482 1778 527 habere

0 586 2 589 .
93 542 322 600 spiritum.
364 554 421 586 ex
457 540 571 585 luna
602 554 781 598 corpus.
827 554 883 585 ex
921 542 1095 585 martes
1128 540 1267 585 stella
1296 540 1539 586 fervorem.
1573 555 1630 585 ex
1659 554 1778 585 mer-

11 620 14 624 ·
93 601 211 645 curii
250 600 439 645 stellam
476 599 690 656 linguam
727 602 776 644 et
815 599 1110 656 sapientiam.
1150 613 1207 644 ex
1245 599 1351 644 iove
1384 599 1571 646 coitum.
1613 614 1670 644 ex
1701 613 1777 644 ve-

89 673 200 705 nere
254 673 471 704 amorem.
528 672 585 703 ex
631 660 823 703 saturno
868 658 1110 704 tarditate.
1166 671 1256 714 que
1311 658 1469 703 omnia
1521 672 1617 703 non
1669 661 1778 703 sunt

91 717 360 763 christianis
393 717 638 762 credenda.
672 716 784 773 quia
816 716 965 761 omnis
998 716 1348 762 administratio
1377 720 1425 762 et
1449 717 1599 762 omnis
1630 717 1777 761 medi-

91 777 198 822 cina
229 791 258 822 a
297 777 384 821 deo
424 775 651 833 procedit·
698 778 747 820 et
783 775 854 819 ibi
892 775 1168 820 laudabitur
1204 776 1412 820 medicus
1452 776 1535 820 ubi
1573 775 1778 821 voluerit

93 836 321 881 dominus.
361 835 424 879 Et
454 834 562 879 ideo
593 848 677 879 nos
710 833 792 890 qui
825 834 941 878 artis
978 834 1210 879 medicine
1242 849 1401 879 curam
1432 848 1697 880 exercemus
1729 837 1778 880 et

91 893 338 939 christiani
369 895 478 938 sunt
508 894 589 950 (sic
618 896 650 938 i.
683 907 717 938 3.
751 896 925 950 sumus)
957 895 1006 938 et
1043 893 1188 937 libros
1227 893 1497 951 hypocratis
1535 894 1775 939 habemus,

91 954 218 1010 quod
254 952 337 997 ille
378 951 500 996 dixit
537 951 668 996 utile.
708 951 962 1008 probatum
999 953 1224 997 tenemus.
1274 953 1401 1008 quod
1439 966 1549 997 vero
1581 953 1662 997 ille
1695 954 1778 996 aut
1841 947 1854 957 ⁸

88 1012 242 1057 minus
275 1013 358 1056 aut
381 1011 577 1057 obscure
610 1010 742 1055 dixit.
774 1024 860 1054 nos
892 1010 1203 1055 aelucidando
1227 1010 1582 1055 transcribimus
1606 1014 1660 1055 ut
1683 1025 1777 1055 me-

87 1071 179 1115 lius
217 1069 420 1128 legentis
459 1069 721 1126 intellegat
771 1070 898 1136 quod
942 1069 1012 1114 ibi
1051 1069 1234 1126 aliquid
1277 1071 1506 1114 addamus
1547 1084 1604 1114 ex
1641 1069 1776 1114 libris

90 1129 241 1175 sancti
271 1128 506 1186 ysidori
552 1130 636 1172 aut
667 1127 820 1172 sancti
852 1128 1164 1196 augustini.
1206 1131 1289 1173 aut
1322 1129 1472 1173 sancti
1504 1128 1774 1186 gregorii.

92 1191 175 1234 aut
204 1189 331 1232 luce
374 1186 711 1244 euuangeliste.
752 1186 864 1242 quia
902 1187 994 1232 toti
1033 1187 1114 1232 isti
1155 1188 1212 1232 de
1244 1190 1344 1232 arte
1375 1187 1610 1232 medicina
1640 1187 1777 1244 plura

90 1248 402 1292 dictaverunt.
457 1245 689 1291 credentis
737 1246 874 1290 nobis
930 1246 1200 1291 adfuturam
1253 1249 1357 1302 (sic)
1405 1247 1581 1291 domini
1626 1246 1776 1290 nostri

89 1307 174 1350 ihu
204 1312 285 1362 xpi
316 1304 556 1351 auxilium.
590 1306 643 1349 ut
672 1307 834 1372 tamen
856 1305 1022 1349 melius
1054 1305 1270 1362 proficiat
1302 1305 1417 1349 artis
1449 1308 1637 1350 nostrae
1669 1318 1778 1361 ope-

89 1365 225 1410 ratio.
268 1366 444 1420 quanto
479 1364 539 1408 ab
579 1377 633 1408 eo
667 1363 749 1419 qui
788 1365 859 1408 est
898 1363 1191 1421 omnipotens
1230 1364 1438 1408 medicus
1477 1364 1590 1408 libri
1627 1363 1776 1407 nostri

93 1423 387 1527 corriffgssggg
419 1422 1463 1538 ἵξῖῗωᾙίἃΐὲἳὲῗηὲῃῖἓῗῗιὲῃῗο11].1Ἐ1ξ1ξ1110131ἑ
1497 1480 1775 1538 augustinus

93 1541 257 1586 scribit
298 1541 355 1585 de
393 1554 584 1584 numero
624 1539 832 1595 loquens.
876 1539 1058 1584 senario
1091 1546 1167 1585 etc.
1203 1542 1426 1598 (sequitur
1457 1542 1509 1585 de
1540 1553 1669 1596 opere
1699 1553 1778 1584 seoe

91 1602 268 1647 dierum
299 1601 550 1656 disputatio
580 1600 633 1643 111
664 1613 754 1656 qua
784 1600 888 1655 ipsa
917 1613 1030 1656 91ια3
1060 1600 1263 1656 3391111131·
1293 1598 1563 1656 hypocratis
1588 1599 1778 1655 epistola

89 1662 260 1706 citatur
289 1660 323 1714 f.
349 1661 435 1702 301
466 1673 506 1704 v.
533 1661 576 1712 6,
609 1658 769 1702 deinde
793 1660 845 1702 de
869 1663 1084 1714 quattuor
1109 1660 1333 1703 elementis
1363 1673 1418 1702 ex
1442 1659 1605 1715 quibus
1634 1658 1776 1712 homo,

91 1724 224 1776 atque
255 1731 310 1763 ecc
340 1717 522 1762 Isidoro
546 1717 752 1773 phorima
784 1717 836 1761 de
861 1717 1070 1773 partium
1105 1718 1305 1774 corporis
1328 1718 1519 1761 humani
1547 1716 1778 1761 vocabulis

90 1779 123 1833 f.
150 1778 394 1822 3⁶1—5a2
425 1776 507 1820 ubi
543 1775 630 1819 hec
670 1775 727 1819 de
768 1774 973 1831 corporis
1012 1775 1231 1819 membris
1270 1775 1346 1819 vel
1384 1774 1627 1819 vocabulis
1662 1773 1777 1817 dicti

91 1838 216 1893 sunt,
249 1836 410 1880 deiude
441 1835 495 1878 de
525 1835 782 1879 aetatibus.
834 1835 955 1879 ..des
988 1836 1022 1889 f.
1050 1839 1134 1879 5⁶1
1167 1833 1279 1890 quia
1303 1834 1396 1878 ista
1421 1835 1552 1878 aetas
1576 1847 1671 1877 non
1693 1833 1776 1876 ha-

90 1895 174 1939 bet
205 1871 352 1939 aliud
396 1892 647 1937 terminum
692 1892 785 1936 nisi
804 1870 987 1936 mortis
1035 1892 1231 1939 exitum:
1278 1892 1494 1950 Epistola
1539 1890 1776 1949 ypocratis

95 1957 197 2012 (339.
232 1966 345 2011 quae
374 1955 551 2010 supra)
846 2010 929 2056 IV
942 2010 1022 2066 (P)

213 2160 252 2214 *)
291 2159 364 2203 De
402 2158 534 2203 Luca
571 2158 739 2202 medico
775 2158 866 2202 vid.
909 2131 1154 2212 Hernack,
1186 2157 1535 2203 Medicim'sches
1577 2169 1662 2200 aus
1699 2156 1778 2199 der

95 2220 174 2265 alt.
209 2217 552 2274 Kirche'nyeseh.
579 2220 605 2260 1
622 2217 671 2271 ff.
700 2216 861 2271 (Texte
892 2230 936 2260 u.
971 2216 1094 2261 Unts.
1130 2216 1267 2272 VIII,
1291 2220 1334 2272 4,
1359 2219 1418 2262 37
1433 2217 1516 2271 ff).
