1950 3172
7 136 280 183 *XVIII

134 276 222 325 sed
258 274 339 324 hic
384 274 583 340 quidem
621 272 748 322 liber
785 272 1048 321 maximam
1085 274 1278 334 partem
1316 269 1609 335 compilatus
1650 276 1727 319 est
1765 285 1826 319 ex

133 350 339 414 integris
372 347 657 412 Cleopatrae
690 351 739 395 et
769 345 1036 394 Muscionis
1069 342 1311 408 capitulis,
1342 342 1532 392 eisdem
1562 342 1663 392 illis
1700 359 1824 409 quae

134 438 195 472 ex
227 422 376 471 simili
411 421 580 471 codice
619 419 912 468 Harmoniae
953 417 1311 482 Gynaeciorum
1351 415 1468 465 olim
1506 417 1718 467 inseruit
1757 417 1823 467 10.

135 497 275 561 Casp.
314 495 576 560 Wolphius
616 493 884 557 Tigurinus
910 485 1042 559 (Bas.
1085 487 1226 541 1566
1267 506 1312 555 p.
1352 486 1458 540 105
1484 484 1655 558 sqq.*)
1696 491 1827 539 eius-

133 570 246 619 dem
291 569 407 618 libri
453 567 660 617 secundi
711 560 848 634 (post
894 564 1269 630 appendiculam
1314 563 1449 613 illam
1495 565 1827 613 recentiorem

130 645 280 709 primi
325 636 464 709 libri)
521 639 782 705 dupliciter
838 640 996 704 spurii
1047 643 1277 703 excerpta
1327 637 1564 702 quaedam
1612 637 1826 702 capitula

134 716 315 765 offendi
355 709 492 784 (cum
537 715 771 781 „genecia
817 712 1045 762 theodori
1090 707 1358 777 prisciani“
1406 712 1435 760 f.
1473 705 1628 779 17710)
1677 713 1826 760 etiam

131 792 184 839 in
231 789 624 852 Cantabrigiensi
672 786 778 836 coll.
820 786 866 836 S.
913 786 1012 835 Ioh.
1060 785 1113 834 D.
1146 782 1182 834 4
1229 801 1265 834 s,
1297 784 1409 833 XIII
1443 780 1498 854 (f.
1536 779 1717 853 18012),
1765 785 1825 833 de

137 879 233 928 quo
259 863 362 911 dixi
386 863 446 911 ad
469 861 775 910 Muscionem
808 861 985 909 Sorani
1009 862 1332 924 interpretem
1351 853 1450 927 (ed.
1479 853 1646 927 1882)
1671 874 1717 923 p.
1744 858 1822 907 IX.

135 942 280 1001 atque
313 952 373 985 ex
405 936 579 985 eodem
611 950 723 984 cum
755 934 928 983 eodem
963 935 1104 982 initio
1137 939 1368 997 excerpta
1398 935 1679 998 praeposita
1712 938 1827 982 sunt

134 1011 405 1074 fragmento
454 1009 513 1058 de
565 1010 811 1073 gynaeciis
859 1009 911 1056 in
958 1007 1153 1071 Spuriis
1204 1005 1374 1056 Galeni
1421 1007 1495 1055 ed.
1535 1006 1648 1055 lunt
1683 1003 1824 1057 1576

137 1085 167 1133 f.
199 1077 288 1134 95f
326 1079 409 1151 (cf.
451 1083 555 1132 cod.
590 1083 727 1131 Cant.
768 1081 830 1130 ib.
872 1082 902 1130 f.
932 1075 1101 1149 17310).

281 1157 406 1206 Sunt
452 1162 501 1205 et
541 1156 629 1205 'alii
679 1155 846 1220 plures
902 1153 1262 1219 Gynaeciorum
1314 1154 1557 1202 Prisciani
1614 1154 1824 1220 codiceS‚

133 1231 266 1280 velut
298 1246 443 1295 quem
474 1230 575 1278 vidi
607 1230 807 1294 quidem
833 1229 919 1277 sed
950 1244 1050 1277 non
1082 1228 1180 1292 legi
1210 1228 1363 1277 Paris,
1390 1225 1532 1278 7029
1554 1222 1636 1295 (8⁰
1661 1243 1696 1276 s,
1722 1227 1825 1294 XII,

137 1304 223 1353 ubi
253 1304 419 1370 „lneip
446 1303 658 1352 Genecia
689 1298 961 1351 Prisciani“
990 1296 1336 1370 [59'0—6812)
1363 1308 1454 1351 etc.
1488 1317 1548 1350 ex
1571 1301 1824 1350 Prisciano

135 1380 282 1427 etiam
312 1377 556 1444 „capitula
589 1377 648 1425 de
681 1372 892 1425 iunicis“
927 1375 1206 1424 abbreviata
1247 1378 1463 1440 pessime
1501 1375 1732 1439 leguntur
1773 1377 1824 1423 in

136 1452 239 1501 cod.
257 1450 608 1500 Vindocinensi
631 1447 735 1500 175
755 1444 957 1518 (Ῐῖ97ὒ).
997 1450 1260 1513 singularis
1286 1455 1449 1498 autem
1473 1455 1676 1514 propter
1700 1451 1823 1498 anti-

137 1527 374 1590 quitatem
407 1526 532 1573 ratio
566 1530 642 1572 est
674 1526 916 1588 epitomae
950 1523 1206 1572 cuiusdam
1229 1523 1607 1587 Bambergensis
1631 1522 1822 1572 L111.6

138 1594 199 1666 (s,
227 1593 309 1667 X),
342 1613 464 1662 quae
491 1597 757 1662 grandibus
783 1603 838 1646 ut
862 1597 1131 1661 plurimum
1156 1596 1335 1645 litteris
1362 1598 1545 1661 scripta
1571 1591 1626 1664 (f.
1655 1591 1823 1664 1-5)

135 1674 277 1720 initio
304 1672 501 1736 quidem
527 1687 699 1720 carens
724 1673 829 1719 veri
860 1670 1117 1734 Priscianik
1128 1670 1338 1735 capitula
1369 1670 1573 1735 praebet
1598 1686 1624 1719 a
1651 1676 1823 1735 quarto

135 1746 195 1794 ad
235 1746 479 1794 decimum
519 1751 569 1793 et
606 1745 833 1794 ultimum
873 1760 932 1792 ex
970 1750 1109 1793 textu
1156 1744 1367 1809 quodam
1420 1746 1504 1808 qui
1544 1760 1656 1793 cum
1694 1744 1823 1792 Vati-

136 1835 255 1868 cano
306 1820 589 1867 convenerit
622 1813 705 1885 (cf.
746 1819 805 1866 ad
846 1834 884 1866 c.
914 1817 942 1867 7
984 1818 1409 1883 „supradictarum
1450 1812 1747 1884 superius“).

284 1892 406 1941 Cum
444 1891 539 1940 tale
579 1894 730 1955 igitur
768 1897 1055 1955 tantumque
1101 1894 1166 1940 sit
1212 1893 1264 1939 in
1299 1892 1648 1955 manuscriptis
1690 1890 1821 1939 codi-

138 1965 276 2014 cibus
308 1965 625 2031 praesidium,
666 1981 776 2013 cum
807 1971 946 2013 vetus
986 1981 1115 2013 unus
1153 1965 1444 2029 particulam
1475 1964 1621 2012 modo
1657 1966 1820 2028 operis

138 2041 384 2088 contineat
422 2045 471 2088 et
510 2038 710 2087 mutilus
752 2044 800 2087 et
839 2045 1116 2105 corruthS‚
1155 2041 1337 2102 integri
1372 2038 1570 2103 quidem
1605 2039 1703 2086 sint
1742 2030 1851 2086 re-‘

139 2119 305 2162 centes
325 2113 410 2161 sed
435 2119 517 2161 aut
542 2112 787 2161 emendati
812 2118 894 2161 aut
918 2112 1214 2178 interpolati,
1240 2128 1351 2161 cum
1369 2111 1625 2160 Geleniani
1647 2111 1819 2177 deper-

138 2186 228 2235 diti
268 2186 414 2234 dubia
446 2188 510 2234 sit
541 2186 685 2235 lectio
720 2192 768 2234 et
800 2186 1158 2252 coniecturaliS,
1201 2202 1293 2235 nec
1324 2185 1533 2235 multum
1566 2185 1822 2234 conferant

139 2275 261 2323 quae
287 2260 414 2324 apud
438 2260 589 2308 medii
614 2262 719 2308 aevi
745 2262 1011 2324 scriptores
1045 2266 1275 2324 excerpta
1308 2266 1564 2308 servantur
1599 2261 1819 2324 quamvis

137 2332 291 2400 utilia,
321 2333 457 2382 vides
491 2349 635 2397 quam
668 2333 910 2382 lubricum
944 2335 1007 2382 sit
1032 2334 1218 2395 ¹edendi
1249 2336 1514 2399 negotium,
1546 2335 1597 2381 in
1628 2333 1820 2382 medico

137 2409 429 2471 praesertim
469 2409 708 2471 scriptore
748 2409 1007 2456 mutationi
1040 2423 1186 2471 quam
1219 2410 1429 2457 maxime
1463 2407 1689 2456 obnoxio,
1729 2422 1821 2455 nec

140 2495 254 2529 sane
304 2481 601 2545 sperandum
648 2487 723 2530 est
769 2481 873 2529 fore
920 2487 975 2530 ut
1021 2487 1103 2530 aut
1153 2484 1267 2530 novi
1317 2481 1576 2546 aliquando
1625 2480 1818 2530 codices

140 2560 450 2617 compareant
499 2561 581 2603 aut
627 2561 886 2619 resurgant
933 2557 1017 2620 qui
1056 2555 1300 2620 deperditi
1339 2558 1459 2622 sint,
1509 2554 1641 2604 velut
1679 2558 1818 2601 vetus

287 2694 325 2749 ³³³)
380 2694 502 2738 inter
554 2696 771 2752 prologos
814 2696 1039 2741 librorum
1086 2711 1201 2752 quos
1257 2696 1487 2753 excerpsit
1538 2694 1819 2751 praemissos

141 2751 389 2807 Wolphius
437 2752 579 2796 istum
626 2769 807 2810 quoque
850 2756 995 2800 habet
1040 2756 1194 2813 „Utile
1240 2755 1453 2813 previdi“
1483 2791 1491 2799 .
1517 2790 1525 2798 .
1555 2790 1564 2798 .
1589 2767 1694 2797 cum
1731 2753 1820 2797 hoc

143 2809 283 2853 titulo
302 2810 555 2867 „Prologus
573 2813 801 2857 Prisciani
826 2816 873 2858 et
898 2815 1172 2871 Cleopatrae
1197 2815 1247 2859 in
1269 2815 1441 2859 librum
1466 2811 1564 2856 eius
1587 2811 1819 2869 priorem“

143 2868 273 2934 cuius
312 2868 422 2912 libri
462 2884 581 2924 quae
631 2871 765 2915 affert
803 2874 860 2928 (p.
891 2878 973 2917 105
992 2877 1108 2930 sqq.)
1149 2874 1215 2918 sic
1257 2886 1437 2930 semper
1475 2870 1680 2915 citantur
1722 2871 1819 2928 „Ex

142 2926 283 2971 Prisc.
311 2929 358 2971 et
384 2927 537 2984 Cleop.
563 2929 757 2985 priore“.
