1988 3184
886 0 890 7 '
911 0 924 9 ‘
938 0 958 6 ’Ἴ
983 0 1026 18 ζψῖ
1050 0 1065 14 'a
1073 0 1198 23 {*‘='T³‹‘›.⁴‘³TE⁷'
1207 0 1297 22 -''“‘'T-³,'',²⁴
1305 4 1311 7 ’
1350 0 1429 25 Ὶ“’>),,““ζ’·’
1439 0 1453 10 ’·
1464 0 1607 21 ῬεῖᾫᾙῬᾏζ
1618 0 1690 23 ’“””Ῐ;·
1700 0 1726 10 »³1

203 134 314 189 358
799 134 940 177 ADD.
970 90 1292 178 Bmmss

203 267 284 313 Ad
291 271 333 323 1,
345 268 405 311 17
415 268 514 323 (54)
526 270 632 323 post
647 265 933 322 depurgetur
946 264 1056 308 haec
1068 264 1202 309 habet
1216 264 1372 310 solusr
1381 266 1423 320 (e
1431 263 1559 311 Med.
1568 264 1722 311 Plinii
1734 265 1778 320 I,
1792 266 1890 322 29).

749 330 891 375 Item
921 329 990 374 ad
1021 328 1171 374 vitia
1202 329 1330 375 oris.
1573 362 1581 372 .
1607 385 1613 392 .

324 398 568 455 Sepiarum
598 410 705 441 ossa
727 396 779 440 in
809 395 1014 440 cinerem
1034 395 1229 440 redacta
1252 396 1346 441 oris
1376 410 1571 455 asparsa
1592 397 1714 443 vitia
1737 406 1906 443 emen-'
1954 439 1955 442 ,

206 466 334 510 dant.
382 464 498 508 item
543 462 807 507 coclearum
850 475 1108 515 ¹vacuarum
1153 461 1271 507 cinis
1317 476 1425 507 cum
1469 473 1627 508 murra
1664 458 1823 509 tritus
1845 466 1894 509 et

159 543 181 576 5
205 544 423 587 asparsus
453 529 574 573 vitia
606 528 699 573 oris
731 528 965 573 emendat.
997 528 1115 573 item
1145 528 1323 587 sinapis
1347 543 1506 575 semen
1527 529 1628 575 sive
1657 530 1813 575 rafani
1836 543 1895 576 ex

205 596 315 641 vino
348 596 594 640 decoctum
621 609 716 639 uno
747 594 890 639 obulo
921 596 1111 639 tantum
1140 595 1394 642 emendat·
1415 595 1533 640 item
1561 596 1709 641 herba
1740 596 1895 653 cycla-

205 662 345 706 minis
377 661 493 706 trita
523 661 746 705 trociscos
778 660 925 705 facies
957 661 1192 717 aequales,
1226 676 1331 706 cum
1356 676 1470 719 opus
1494 662 1639 708 fuerit
1669 677 1727 708 ex
1758 665 1892 708 aceto
1965 698 1968 703 .

206 729 267 773 ad
299 727 660 772 crassitudinem
689 726 843 772 mellis
875 727 1078 773 inlinitO.

440 963 519 1008 Ad
540 964 584 1020 I,
609 965 671 1008 23
698 965 799 1020 (73)
833 964 909 1007 De
941 963 1072 1021 igne
1106 963 1271 1008 sacro'
1299 966 1422 1021 (post
1456 964 1658 1022 variare)

138 1043 181 1074 10
626 1032 680 1074 in
709 1032 804 1076 eod.
837 1031 982 1075 Barb.
1015 1031 1108 1075 solo
1141 1033 1255 1086 (non
1284 1033 1338 1075 in
1368 1033 1462 1087 bc).
1986 1067 1988 1069 .

322 1096 550 1140 Radicem
591 1096 732 1140 ibisci
770 1111 876 1140 cum
920 1096 1032 1153 palo
1078 1096 1236 1153 ligneo
1274 1097 1451 1141 fossam
1488 1098 1628 1154 coqui
1669 1097 1814 1142 facies
1846 1097 1897 1141 in
1985 1089 1988 1123 i

204 1178 315 1209 vase
362 1163 500 1208 fictili
545 1177 689 1220 novo,
739 1165 963 1207 contusae
1010 1163 1061 1206 in
1100 1163 1217 1206 duas
1259 1161 1488 1221 (partes)
1527 1163 1704 1207 adicies
1755 1176 1899 1207 unam

207 1230 440 1288 axungiae
471 1229 658 1287 veteris,
691 1243 934 1285 quousque
958 1229 1009 1272 in
1033 1229 1225 1273 modum
1246 1229 1549 1286 malagmatis
1582 1230 1894 1274 convertatur.

206 1299 253 1341 ct
284 1297 530 1341 inductum
559 1295 611 1340 in
640 1295 889 1341 linteolum
923 1295 1007 1340 ubi
1037 1296 1353 1340 necessarium
1383 1295 1526 1340 fuerit
1556 1295 1744 1353 ligabis.

139 1372 183 1405 15
324 1364 443 1408 Item
488 1363 545 1407 de
583 1363 683 1407 ficis
729 1362 922 1407 ficatum
976 1362 1232 1407 contritum
1269 1362 1320 1406 in
1365 1362 1557 1406 modum
1594 1362 1896 1420 malagmatis

206 1430 531 1474 medicaminis
562 1429 746 1473 inducis
779 1429 830 1472 in
868 1428 1117 1473 linteolum
1148 1429 1265 1486 <et>
1295 1429 1380 1474 ubi
1410 1429 1726 1474 necessarium
1755 1429 1898 1474 fuerit

205 1495 393 1553 ligabis,

324 1562 442 1606 item
473 1576 665 1620 spumae
698 1561 884 1619 argenti
914 1572 974 1610 -ζ-
996 1563 1053 1619 ΙΙ,
1088 1562 1322 1620 sulphuris
1354 1562 1454 1607 vivi
1476 1573 1538 1612 -ζ-
1560 1563 1595 1619 Ι,
1627 1562 1742 1606 nitri
1773 1572 1833 1611 -ζ-
1862 1562 1896 1619 Ι,

208 1628 300 1673 olei
331 1629 454 1673 rosei
486 1631 534 1673 et
565 1642 699 1673 cerae
732 1630 962 1684 quantum
993 1629 1179 1674 sufficit.
1214 1628 1391 1686 species
1425 1627 1767 1684 suprascriptas
1793 1641 1899 1671 cum

139 1705 182 1737 20
207 1697 339 1739 aceto
372 1698 507 1740 teres.

573 1842 652 1887 Ad
674 1843 746 1897 II,
771 1845 800 1886 9
825 1843 902 1898 (29
932 1842 1010 1897 fin.
1038 1847 1144 1898 post
1176 1840 1537 1898 compendiosa).

325 1910 445 1953 Item
476 1908 638 1952 aliud
670 1909 740 1952 ad
772 1908 959 1953 colum
984 1909 1049 1953 de
1074 1908 1498 1965 experimentis.
1531 1909 1678 1952 testas
1704 1920 1897 1951 ovorum

208 1976 332 2019 unde
362 1975 483 2032 pulli
515 1975 826 2019 excluduntur
858 1975 1100 2019 combures
1133 1977 1181 2018 et
1212 1974 1357 2019 facies
1389 1974 1643 2031 pulverem.
1678 1976 1725 2017 et
1748 1987 1896 2030 grana

207 2041 382 2098 piperis
400 2042 606 2098 quinque
618 2044 754 2086 teres.
772 2042 890 2086 haec
904 2041 1067 2097 aequis
1076 2040 1361 2099 ponderibus
1371 2039 1607 2097 pensabi8‚
1617 2039 1897 2084 tantundem

329 2223 354 2262 3
388 2222 435 2263 et
467 2221 536 2264 ori
566 2220 779 2277 inspersa
804 2221 858 2265 P.
951 2221 1170 2265 emendat
1192 2235 1217 2264 r
1236 2219 1331 2275 (P).
1424 2222 1454 2260 4
1485 2215 1783 2261 coccliarium
1806 2230 1848 2260 v.
1873 2230 1900 2259 r

208 2278 412 2336 (cocleae
443 2294 621 2324 vacuae
653 2281 728 2334 P).
892 2279 1068 2324 cineres
1102 2294 1138 2324 c.
1172 2294 1232 2322 m.
1263 2279 1387 2321 teres
1420 2278 1468 2321 et
1499 2289 1689 2332 sparges
1722 2274 1777 2318 P.

212 2343 238 2381 5
272 2337 435 2395 senapi
465 2353 500 2383 rr.
625 2345 650 2383 6
684 2339 814 2382 obuli
845 2338 983 2382 unius
1014 2339 1220 2395 pondere
1253 2337 1417 2380 datum
1447 2336 1500 2379 P.
1633 2339 1672 2401 ,7
1703 2331 1896 2400 equales

211 2411 294 2441 om.
329 2398 383 2451 P,
423 2399 503 2454 qui
526 2399 680 2456 perqit
710 2400 758 2442 et
790 2411 847 2442 ex
876 2397 950 2441 his
983 2412 1090 2441 cum
1120 2411 1235 2454 opus
1266 2397 1351 2440 est.
1571 2397 1597 2436 8
1629 2391 1821 2436 mhmtu
1851 2406 1897 2436 r:

211 2455 387 2499 illitum
417 2456 630 2512 reprimit
661 2458 709 2501 et
741 2459 878 2501 sanat
902 2457 949 2500 P
978 2459 1201 2514 (sequitur
1230 2457 1283 2501 in
1311 2469 1337 2500 r
1368 2468 1402 2498 c.
1429 2456 1536 2519 18)..
1633 2456 1659 2495 9
1691 2464 1805 2517 qaae
1835 2463 1899 2494 se-

213 2520 418 2571 qwuntwr
447 2516 569 2559 unde
599 2517 765 2560 hausta
795 2518 889 2561 sint
918 2518 1079 2561 nescio.
1285 2518 1338 2557 11
1372 2511 1629 2556 Radiclbus
1661 2522 1834 2554 evisci.
1858 2545 1895 2553 ..

213 2572 350 2616 fossis
374 2588 400 2617 r
418 2575 493 2628 (cf.
520 2574 645 2619 le.
670 2590 716 2619 n.
740 2576 781 2619 h.
805 2578 883 2630 20,
905 2578 1002 2630 29).
1035 2605 1037 2608 .
1090 2579 1144 2618 12
1168 2573 1246 2618 vel
1267 2585 1390 2616 novo
1421 2570 1499 2615 vel
1527 2571 1665 2613 Etusa
1695 2570 1836 2611 tunsa
1859 2581 1897 2612 r.

211 2633 369 2687 partes
402 2633 577 2677 addidi.
669 2647 764 2677 una
793 2649 831 2678 r.
937 2638 992 2677 13
1023 2632 1259 2692 malagme
1290 2647 1328 2676 r.
1423 2635 1478 2674 14
1509 2630 1600 2685 (16)
1631 2625 1830 2671 linteolii
1860 2640 1898 2670 r.

215 2693 271 2731 15
303 2689 972 2746 malagmedicamedicaminis
992 2694 1095 2748 (sic)
1113 2707 1149 2737 r.
1255 2695 1310 2735 16
1327 2691 1376 2734 et
1392 2688 1570 2734 addidi.
1662 2691 1716 2730 18
1734 2697 1900 2742 spuma

155 2785 159 2788 .
215 2782 226 2790 .
254 2782 262 2791 .
291 2782 300 2791 .
327 2747 474 2790 sulfur
504 2749 616 2793 vivfi
642 2787 650 2794 .
678 2787 686 2794 .
716 2788 724 2795 .
749 2750 877 2795 nitrfi
903 2787 911 2795 .
933 2788 941 2796 .
964 2787 972 2796 .
999 2751 1106 2795 cleu
1136 2753 1272 2794 rosel-1
1303 2750 1352 2793 et
1383 2761 1490 2792 cera
1512 2761 1549 2792 r.
1672 2749 1728 2789 20
1754 2757 1820 2800 sp.
1847 2744 1901 2787 ut

217 2805 555 2861 suprascriptas
579 2823 615 2853 r.
739 2814 795 2853 20
810 2809 924 2853 teris
948 2825 986 2855 r.
1139 2814 1194 2853 21
1212 2810 1320 2853 haec
1342 2807 1448 2852 add.
1473 2819 1596 2851 umus
1610 2819 1636 2849 r
1655 2804 1732 2859 (cf.
1757 2815 1901 2859 supra

211 2876 260 2962 ζ.
286 2865 391 2916 358,
414 2868 508 2927 30).
687 2869 808 2911 teste
825 2883 862 2912 r.
986 2872 1041 2911 23
1074 2866 1307 2914 comburis
1338 2881 1375 2912 r.
1507 2869 1565 2908 24
1595 2865 1732 2908 teres·
1757 2861 1899 2904 hae&

254 2934 305 2980 gc
335 2921 449 2963 tens
481 2938 518 2967 ¹r.
639 2938 808 2980 pensas
840 2941 876 2970 r.
