1988 3184
840 147 1151 192 ormnem.
1409 118 1411 121 ”
1707 146 1816 198 437

30 250 38 270 i*
130 276 288 322 nalem
312 276 583 334 spiritalem.
615 279 663 322 et
709 277 922 322 canalem
964 277 1238 334 spiritalem.
1288 277 1451 322 dicunt
1488 279 1711 335 utrasque
1743 293 1819 323 ca—

132 337 391 380 stomacum
399 336 666 380 stomachus
709 339 757 381 et
810 338 1017 381 stomaco
1072 336 1240 380 similis
1285 336 1430 381 nales.
1445 337 1584 381 modo
1600 337 1819 394 aperitur.

131 396 290 439 autem
332 394 546 451 epitharo
602 394 661 439 si·
709 397 792 440 est.
838 394 1026 452 pitharo
1072 394 1123 438 id.
1169 397 1241 440 est
1285 396 1424 439 modo
1435 395 1682 441 clauditur.
1698 410 1821 440 com-

127 453 249 497 mele
266 455 350 498 est.
371 453 522 497 utrius
539 467 661 510 quae
707 453 842 498 fauce
874 455 1072 510 utraque
1102 468 1241 498 cana·
1285 454 1507 511 plectens.
1527 454 1682 511 aperit
1696 454 1821 499 enim

130 511 308 556 canalis
339 513 478 556 modo
510 512 663 579 aperit
706 513 767 556 lis
838 513 978 557 modo
1047 512 1237 569 coperit.
1318 513 1580 569 spiritalem
1621 514 1785 568 canale

128 570 267 614 modo
304 570 425 627 olu(o
456 585 568 616 corr.
572 570 663 628 >dit
706 572 845 616 modo
870 571 1062 616 claudit.
1089 571 1241 628 aperit
1287 586 1392 616 cum
1414 571 1661 627 loquimur.
1692 572 1818 616 clau-

129 628 282 685 aperit
297 631 455 674 autem
475 629 661 687 spirita-
707 645 813 674 cum
837 630 1072 687 spiritalia
1088 629 1239 685 loqui-
1288 630 1415 674 ditur
1438 644 1543 674 cum
1565 631 1818 674 manduca-

127 686 186 731 lis
208 688 396 743 quando
412 688 659 743 loquimur.
706 691 795 733 tur.
838 691 886 733 et
923 689 1104 732 claudit
1136 703 1241 732 cum
1285 704 1401 733 mus.
1442 690 1675 745 quomodo
1713 703 1819 746 pro-

127 746 317 790 claudet
370 760 476 790 cum
523 761 660 790 man-
705 748 1039 791 manducamus
1066 749 1114 791 et
1130 762 1240 803 epu·
1285 748 1399 792 bare
1429 762 1688 804 possumus.
1715 763 1821 792 cum

129 805 352 848 ducamus
392 804 433 848 si
471 806 659 860 quando
705 806 869 850 lamur.
909 806 1033 850 inter
1076 806 1238 862 epulas
1285 806 1405 850 forte
1423 806 1541 851 cibo.
1561 807 1638 851 vel
1656 810 1821 864 potum

127 862 368 919 epolimur.
432 865 480 907 et
536 863 660 907 inter
704 864 825 908 risus
841 864 1064 909 nascitur.
1087 867 1135 908 et
1151 865 1239 908 hoc
1285 865 1461 909 utimur
1499 868 1548 909 et
1584 865 1705 909 risus
1746 880 1820 909 00-

56 932 62 939 ·
127 921 289 978 epulas
332 921 565 976 loquendo
597 921 659 964 ri-
705 922 860 966 canali
877 922 1103 979 spiritale.
1132 923 1240 967 exin
1286 924 1493 968 currerit.
1565 926 1612 968 et
1681 938 1821 981 supra

127 994 203 1023 sus
234 979 456 1025 nascitur.
489 980 540 1023 in
570 980 659 1024 hoc
705 983 889 1038 sumpto
907 981 1012 1025 cibo
1029 981 1106 1025 vel
1120 984 1236 1038 potu
1287 983 1413 1026 dicto
1439 982 1570 1039 (dict)
1596 982 1701 1026 cibo
1728 983 1820 1039 spi-

126 1038 338 1082 canalem
383 1038 571 1083 insuetu
619 1038 658 1082 si
704 1040 1135 1097 aliquidreceperit.
1148 1042 1239 1084 sta-
1284 1040 1438 1084 ritalis
1494 1040 1672 1084 canalis
1733 1041 1818 1084 ali-

126 1111 183 1141 ex
221 1097 325 1140 cibo
364 1098 441 1141 vel
481 1112 537 1142 ex
574 1112 657 1155 pu·
703 1098 791 1142 tim
802 1098 945 1143 tussis
959 1099 1236 1155 insequitur.
1285 1099 1400 1155 quid
1417 1099 1637 1156 aperitur.
1658 1099 1820 1142 statim

126 1155 259 1200 010110
292 1155 475 1211 011(1111(1
506 1159 658 1200 extra-
706 1158 850 1202 (101100
871 1157 1128 1214 inpellente
1146 1159 1238 1215 spi-
1284 1157 1427 1201 tussis
1506 1158 1817 1213 consequitur.

125 1214 259 1260 xerit.
308 1215 470 1258 statim
515 1215 657 1259 tussis
703 1216 798 1260 ritu
830 1230 919 1272 que
943 1216 1064 1260 illud
1095 1217 1238 1274 gluti-
1286 1217 1432 1260 donec
1448 1216 1703 1273 inpellente
1727 1217 1819 1273 spi-

126 1272 387 1329 insequitur
412 1274 558 1318 (101100
589 1274 658 1317 111-
703 1277 837 1319 verat
882 1275 933 1318 in
981 1290 1065 1318 sua
1102 1279 1237 1332 parte
1284 1275 1379 1318 ritu
1417 1275 1539 1318 illud
1585 1276 1711 1330 quod
1749 1290 1818 1318 re-

125 1331 379 1387 pellentem
444 1332 659 1388 spiritum
703 1336 946 1378 revocetur
990 1348 1073 1390 per
1112 1337 1237 1390 quod
1283 1336 1421 1390 parat
1443 1333 1494 1376 in
1516 1334 1706 1391 propria
1730 1334 1817 1377 ite-

125 1389 246 1432 illud
285 1391 410 1446 quod
445 1394 660 1435 evaserat
705 1406 812 1436 esca
845 1392 1102 1437 deducitur.
1283 1408 1386 1435 rum
1417 1395 1617 1437 revocet.

125 1447 176 1491 in
199 1463 306 1492 suas
331 1448 502 1493 iterum
527 1464 658 1494 revo-

127 1509 269 1551 cetur.
302 1509 460 1563 partes

185 1597 246 1651 (9)
288 1595 398 1638 huic
429 1609 539 1652 ergo
571 1595 659 1638 1111-
765 1598 826 1652 (9)
864 1595 974 1639 huic
1006 1609 1115 1652 ergo
1147 1596 1235 1639 lin·
1342 1596 1689 1654 (9)huiclingue
1705 1597 1812 1640 dex-

127 1667 248 1710 guae
294 1653 346 1696 id.
392 1656 463 1697 est
513 1654 658 1710 hypo-
704 1668 794 1710 gue
819 1654 1045 1698 stibulose
1072 1655 1235 1699 dextra
1281 1657 1356 1698 tra
1417 1655 1614 1710 levaque
1679 1658 1813 1711 parte

125 1711 331 1768 glosides
351 1713 516 1756 dextra
531 1712 658 1756 leva·
703 1713 900 1768 levaque
916 1713 1106 1756 truxille
1128 1716 1236 1757 sunt
1280 1713 1504 1756 tussicule
1522 1715 1630 1756 sunt
1645 1713 1811 1770 posite.

126 1784 215 1825 que
247 1770 412 1814 tussile
445 1773 554 1814 sunt
575 1785 657 1827 po-
702 1770 855 1827 posite
902 1772 1028 1826 quod
1078 1774 1236 1816 autem
1282 1772 1407 1826 quod
1461 1774 1619 1815 autem
1677 1786 1814 1828 super

126 1828 259 1872 sitae.
339 1828 438 1882 Quo
501 1832 659 1873 autem
705 1830 1006 1886 superpendit
1029 1845 1121 1874 uva
1150 1833 1232 1875 est.
1279 1831 1486 1886 pendens
1515 1830 1687 1886 lingue.
1720 1845 1813 1875 uva

127 1887 430 1944 super-pendit
453 1887 548 1930 illis
566 1903 658 1932 uva
702 1888 868 1944 pendit
910 1890 1067 1932 autem
1098 1903 1236 1946 super
1282 1889 1526 1945 apellatur.
1548 1892 1656 1945 post
1672 1903 1813 1945 quam

126 1949 210 1990 est.
229 1946 484 2002 Perpendit
501 1949 658 1990 autem
705 1947 820 1990 duas
867 1947 1066 1992 canales.
1122 1962 1234 2003 quo·
1281 1961 1480 1991 caverna
1549 1950 1657 1991 sunt
1719 1948 1809 1991 duo

125 2018 263 2061 super
310 2005 424 2048 duos
465 2005 656 2049 canalis.
702 2020 806 2048 rum
827 2019 921 2049 una
943 2019 1027 2062 per
1057 2020 1150 2061 qua
1170 2006 1232 2050 01-
1281 2020 1382 2062 quae
1418 2006 1471 2050 fit
1501 2006 1674 2050 infusio
1705 2022 1812 2063 rup-

125 2078 219 2107 una
273 2077 366 2118 qua
425 2063 555 2107 cibus
610 2066 658 2108 et
702 2064 789 2107 bus
811 2066 858 2107 et
880 2066 1018 2120 potus
1042 2064 1092 2108 in
1108 2065 1235 2109 stho-
1280 2067 1368 2109 tus.
1396 2066 1521 2120 quod
1544 2065 1672 2121 greci
1700 2079 1812 2108 ana-

124 2124 263 2178 potus
307 2122 368 2165 ad
400 2124 658 2166 stomacum
702 2136 835 2166 maco
853 2122 1069 2168 defertur.
1097 2138 1235 2179 quem
1279 2123 1524 2167 thimiasin
1624 2126 1809 2168 vocant.

126 2180 333 2224 defertur
378 2194 517 2235 quem
557 2181 657 2247 ipo·
701 2181 948 2237 picolasim
993 2182 1235 2227 continent
1279 2196 1414 2226 nares
1447 2196 1630 2238 quoque
1674 2196 1813 2239 supra

125 2239 283 2295 glossa
326 2239 535 2283 contenit
566 2239 658 2295 spi·
704 2239 930 2295 spiritalis
949 2239 1115 2285 dictus.
1138 2241 1234 2285 alia
1281 2240 1420 2284 dictis
1457 2240 1667 2285 cavernis
1696 2241 1812 2284 infe—

126 2297 311 2340 ritualis
327 2296 518 2342 dicetur.
523 2297 657 2341 Alius
704 2300 863 2342 autem
887 2299 1069 2343 deretro
1102 2299 1234 2355 spine
1278 2301 1399 2343 runt.
1420 2313 1503 2355 per
1526 2300 1715 2343 easdem
1737 2314 1812 2342 us-

127 2358 286 2399 autem
314 2356 496 2399 deretro
529 2356 657 2400 111110-
703 2357 829 2412 quod
859 2357 1124 2401 sthomacus
1165 2358 1234 2401 di·
1280 2371 1369 2413 que
1386 2358 1448 2401 ad
1461 2358 1700 2401 cerebrum
1711 2360 1813 2401 ten-

126 2416 202 2457 tus
221 2427 365 2470 spyne
391 2415 656 2458 stomachus
703 2415 836 2459 citur.
936 2416 1234 2473 coniungitur
1281 2416 1465 2482 duntur.
1514 2430 1649 2460 aures
1689 2416 1813 2460 enim

128 2472 658 2529 diceturconiunggetm
703 2476 860 2518 autem
883 2474 1099 2531 gurgulio
1130 2475 1233 2531 pul·
1278 2474 1353 2541 vie
1403 2476 1510 2518 sunt
1559 2474 1810 2519 auditores.

126 2530 343 2587 gurgulio
374 2531 606 2587 pulmone.
701 2532 929 2577 monibus.
1280 2533 1401 2577 sicut
1446 2547 1600 2577 rerum
1644 2536 1811 2577 nature

1280 2592 1542 2648 composuit
1587 2592 1649 2636 ad
1688 2606 1811 2636 0010-

675 2602 681 2734 Ι
937 2672 940 2676 ·
1278 2651 1425 2695 brum.
1467 2653 1514 2694 et
1553 2665 1582 2694 a
1622 2651 1810 2695 cerebro

1279 2709 1602 2754 descendente.
1628 2709 1810 2754 faciunt

1279 2767 1604 2813 exalationem.
1620 2768 1810 2813 001111111-

1276 2826 1404 2893 gitur
1417 2829 1573 2871 autem
1585 2827 1698 2885 gula
1709 2828 1811 2884 pul-

1275 2899 1416 2930 mom.

295 2939 488 2995 III(D)
875 2941 958 2986 IV
970 2941 1050 2997 (P)
1479 2945 1611 3001 V(0)
