1988 3184
761 133 1207 176 Annimnnm-A.
1709 128 1817 183 337

133 333 214 379 Ad
235 333 335 389 III,
359 337 386 377 1
414 335 484 388 (2)
516 332 592 376 De
622 331 899 376 mamillis
930 345 974 387 p.
1007 345 1052 388 p.
1087 330 1421 375 dolentibus
1455 332 1580 387 (post
1609 329 1683 374 lac
1714 343 1821 387 pro-

775 397 1034 442 hibendum
1063 396 1183 454 erit).

252 465 542 510 marrubium
580 465 826 508 contusum
865 465 912 508 et
950 463 1224 520 impositum
1261 462 1482 521 *mammis
1524 462 1733 507 dolorem
1771 463 1820 507 et

134 535 368 577 tumorem
398 533 546 577 sedat.

131 636 211 680 Ad
232 636 340 691 III,
363 638 394 680 2
420 638 493 691 (7)
533 634 609 679 De
639 633 1077 691 praefocatione
1115 632 1382 677 matricis
1411 635 1535 690 (post
1574 631 1818 689 appellant
1863 646 1885 681 5

447 727 503 734 —
533 702 623 746 vid.
650 714 807 758 pauca
837 701 900 745 ad
929 705 1101 744 temtum
1124 699 1203 744 Pr.
1230 714 1279 756 p.
1298 702 1406 755 229,
1432 701 1490 756 3).

251 847 255 850 ,
330 803 409 848 Ad
438 804 500 847 id.
525 803 626 858 ΙΙΙ,
649 805 776 858 2,(8)
811 804 873 847 ad
901 803 980 857 fin.
1007 804 1130 859 (post
1158 803 1453 858 procuranda
1486 804 1623 860 sunt).

249 869 341 914 Sed
372 870 420 913 et
449 868 568 913 haec
601 869 863 925 superaddo
895 880 1016 923 quae
1049 868 1111 911 ad
1148 868 1357 912 matricis
1400 867 1609 912 dolorem
1641 868 1818 925 scripta

129 931 350 992 prodesse
393 934 662 991 fiequenter
708 934 1023 991 cognovimus.
1072 934 1281 991 lapidem
1326 937 1534 992 gagaten
1579 935 1717 980 mitte
1766 935 1818 978 in

129 1001 291 1045 vinum
328 1001 484 1057 vetus,
532 1014 691 1057 coque,
740 1002 788 1044 et
825 1000 983 1056 bibat,
1031 999 1275 1057 ipsumque
1314 1001 1523 1057 lapidem
1562 1000 1612 1044 in
1654 1002 1816 1046 dextro
1842 1017 1885 1048 10

129 1068 250 1124 pede
281 1066 410 1123 liget.
445 1066 529 1110 flos
553 1065 680 1111 faeni
704 1068 753 1110 et
775 1066 965 1110 faenum
995 1080 1215 1123 graecum
1239 1069 1287 1111 et
1310 1067 1517 1112 malvam
1549 1067 1819 1112 silvaticam

133 1133 223 1192 {00-
252 1136 359 1189 135)
401 1132 452 1176 in
491 1145 538 1176 se
578 1146 769 1189 coques,
818 1135 866 1176 et
903 1132 1012 1176 inde
1054 1146 1102 1176 se
1149 1132 1377 1177 sublavet.
1427 1132 1569 1176 vulva
1606 1131 1817 1176 mnlieris

129 1198 358 1243 suffocata
412 1198 614 1255 respirat
666 1198 830 1243 nidore
888 1198 1167 1255 capillorum
1228 1199 1439 1243 mulieris
1495 1201 1720 1243 ustorum.
1778 1199 1818 1242 si

131 1265 340 1310 mulieris
372 1265 514 1309 vulva
545 1265 675 1309 laesa
714 1267 805 1322 est,
847 1267 931 1309 aut
968 1267 1123 1309 tumor
1159 1265 1439 1310 intrinsecus
1472 1264 1616 1309 fuerit
1646 1264 1817 1309 vulvae

129 1331 235 1388 ipsi,
266 1331 556 1376 vettonicam
584 1333 774 1375 tunsam
806 1334 854 1376 et
878 1331 1083 1375 celatam
1106 1346 1211 1376 cum
1233 1332 1413 1375 mulsae
1445 1333 1579 1387 parte
1602 1331 1816 1388 tepidam
1840 1347 1882 1379 15

130 1397 279 1442 bibat.
327 1397 416 1441 hoc
450 1399 498 1441 et
529 1398 590 1441 ad
623 1411 757 1442 omne
789 1397 1138 1442 interaneorum
1167 1397 1338 1442 vitium
1368 1396 1496 1442 facit.

128 1501 207 1546 Ad
229 1501 329 1557 III,
355 1503 383 1545 5
410 1504 507 1556 (14)
537 1501 613 1545 De
646 1501 1024 1558 conceptione
1057 1503 1179 1558 (post
1211 1500 1423 1544 clausum
1453 1527 1511 1533 —
1542 1501 1633 1545 vid.
1661 1514 1817 1557 pauca

120 1616 124 1621 ,
617 1570 680 1612 ad
710 1574 881 1613 textum
912 1568 991 1611 Pr.
1018 1582 1068 1624 p.
1091 1570 1198 1622 233,
1224 1569 1311 1623 13).

127 1632 206 1677 Ad
221 1634 284 1677 id.
302 1633 402 1688 III,
422 1636 450 1676 5
469 1635 549 1688 (18
559 1640 664 1690 post
687 1634 1022 1690 encolpismum
1047 1646 1358 1689 supponemus
1384 1633 1439 1688 cf.
1460 1633 1522 1677 ad
1538 1647 1587 1689 p.
1604 1635 1711 1687 235,
1725 1635 1814 1689 17).

247 1713 358 1742 nam
395 1701 443 1743 et
481 1700 739 1744 masculum
778 1699 1032 1756 concipiet,
1079 1699 1311 1755 gallorum
1350 1700 1494 1742 testes
1537 1698 1576 1741 si
1615 1698 1813 1742 subinde
1839 1714 1882 1745 20

129 1766 345 1821 acceptos
377 1765 546 1809 mulier
579 1767 783 1811 devoret.
830 1766 946 1809 item
979 1765 1019 1808 si
1049 1765 1447 1824 voluerit{mulier
1477 1764 1676 1821 gravida
1700 1764 1814 1821 fieri,

129 1830 311 1886 aliquid
344 1831 401 1875 de
432 1832 653 1876 membris
686 1845 929 1876 corvorum
962 1831 1158 1876 duorum
1190 1845 1345 1875 seeum
1377 1831 1565 1875 habeat.

127 1933 206 1978 Ad
227 1934 328 1989 III,
355 1938 384 1978 6
410 1937 508 1990 (24)
542 1934 618 1979 De
651 1935 857 1979 aborsu
882 1937 1005 1992 (post
1033 1948 1175 1992 pecus
1207 1934 1413 1978 molliter
1445 1934 1816 1978 subtrahendum

911 2001 1029 2059 erit).

246 2065 358 2120 quia
404 2066 795 2111 abortivorum
833 2067 984 2111 ratio
1026 2068 1173 2111 omnis
1212 2067 1476 2124 periculosa
1518 2069 1566 2111 et
1607 2067 1812 2111 difficilis
1839 2080 1882 2113 25

126 2133 212 2188 est,
244 2131 336 2175 nisi
369 2146 451 2176 suo
483 2135 692 2190 tempore
717 2135 765 2177 et
789 2133 928 2178 certis
955 2134 1119 2178 diebus
1144 2133 1440 2190 adhibeatur,
1473 2133 1624 2190 primo
1648 2134 1724 2178 vel
1748 2134 1814 2177 III

127 2211 285 2242 mense
317 2201 401 2242 aut
423 2199 465 2243 V
496 2199 573 2243 vel
597 2200 683 2243 VII
714 2202 796 2243 aut
812 2200 920 2243 VIII
951 2200 1220 2244 faciendum
1251 2202 1323 2243 est
1347 2202 1395 2243 et
1426 2199 1476 2242 in
1506 2199 1602 2243 illis
1629 2200 1807 2255 diebus,

128 2262 179 2305 in
210 2263 379 2319 quibus
413 2264 511 2308 eius
544 2268 782 2309 menstrua
813 2265 973 2310 venire
1006 2268 1357 2310 consueverunt.

245 2329 369 2386 Ergo
400 2329 645 2374 mulierem
684 2345 808 2386 aqua
847 2331 1004 2374 calida
1041 2331 1198 2375 fovere
1229 2344 1419 2374 necesse
1452 2331 1543 2386 est,
1585 2332 1667 2373 aut
1704 2332 1812 2386 post

127 2394 299 2439 balnea
332 2396 443 2439 dum
484 2394 638 2438 adhuc
670 2409 834 2451 corpus
874 2396 1077 2440 calorem
1115 2396 1165 2439 in
1205 2410 1252 2439 se
1291 2395 1477 2440 retinet.
1518 2397 1566 2439 et
1598 2395 1638 2439 si
1669 2409 1812 2439 unam
1836 2410 1878 2441 30

252 2545 305 2584 11
346 2540 430 2585 flos
468 2541 565 2585 feni
609 2541 804 2600 vfenuffi·
844 2544 891 2586 et
935 2542 1063 2586 mah-1
1110 2541 1329 2587 silvatiofi
1363 2543 1387 2586 b
1420 2541 1546 2598 (fenu
1586 2545 1726 2598 grecii
1766 2544 1815 2586 et

126 2601 287 2645 florem
316 2599 414 2643 feni
445 2602 493 2643 et
523 2599 728 2644 malvam
753 2600 1033 2644 salvaticum
1052 2601 1070 2659 1}
1102 2602 1201 2646 Vat.
1226 2602 1335 2659 Rey.
1361 2603 1484 2645 1756
1515 2602 1567 2644 in
1597 2614 1683 2658 quo
1708 2607 1813 2657 post

126 2662 235 2704 haec
265 2660 368 2715 ipsa
392 2665 521 2715 patet
554 2661 722 2703 lacuna
753 2662 947 2705 duorum
976 2661 1222 2717 foliorum).
1332 2664 1385 2703 12
1411 2661 1518 2705 3—(3
1545 2661 1629 2716 (sic
1651 2664 1736 2715 ter)
1771 2661 1809 2705 b.

129 2728 184 2791 13
215 2727 414 2803 respirgt
446 2748 485 2791 b.
606 2745 718 2790 nido
750 2749 789 2792 b.
910 2749 1016 2791 usto
1050 2749 1087 2792 b.
1211 2751 1266 2791 15
1298 2744 1412 2791 betli
1440 2742 1479 2791 b'.
1608 2723 1745 2805 {oet-ep
1771 2749 1808 2794 b.

128 2810 184 2850 21
219 2805 412 2849 devoret
442 2805 703 2849 masculum
733 2805 938 2862 concipit
972 2807 1056 2861 (sic
1085 2807 1267 2860 iterum)
1298 2808 1336 2851 b.
1512 2810 1568 2850 25
1599 2808 1679 2852 hoc
1709 2822 1807 2864 cap.

128 2867 247 2910 deest
275 2865 327 2908 i‘n
365 2865 458 2909 cod.
486 2864 585 2909 Vat.
618 2865 728 2922 Rey.
754 2867 876 2910 1756
893 2866 969 2920 (cf.
994 2879 1138 2922 supra
1168 2866 1230 2910 ad
1251 2879 1291 2910 v.
1310 2867 1404 2922 11),
1436 2865 1810 2925 Bamberqensem

129 2929 282 2968 autem
312 2924 364 2967 in
393 2924 478 2967 hac
500 2929 634 2980 parte
666 2924 773 2968 libri
806 2925 951 2968 Prisc.
985 2925 1174 2982 neyleoei.

217 3005 437 3038 Theodorus
462 3005 692 3048 Priscianus,
717 3005 776 3038 ed.
801 3005 939 3039 Bose.
1489 3002 1543 3042 22
