1988 3184
695 149 1138 194 ADDITAMENTA.
1644 147 1751 201 293

76 283 182 326 tata
211 281 424 327 celeriter
463 284 610 327 sanat.
659 281 901 339 caprinum
937 280 1096 325 fimum
1134 294 1239 325 cum
1277 282 1410 325 aceto
1447 280 1755 325 fervefactum

76 346 306 406 imponito
342 348 565 405 butyrum
602 361 709 392 cum
745 346 952 392 medulla
990 346 1178 391 cervina
1206 349 1305 391 tere
1345 348 1393 391 et
1430 346 1630 403 impone.
1684 346 1752 390 la-

15 407 17 410 ’
77 414 214 472 pathi
244 414 442 472 agrestis
473 414 631 458 radice
653 413 769 458 trita
799 415 848 458 et
878 413 1064 457 adiecta
1088 427 1212 468 aqua
1243 415 1291 457 et
1322 414 1454 457 aceto
1487 412 1626 456 simul
1655 425 1753 455 ma-

79 482 239 525 cerata
277 493 434 524 omnes
473 480 676 537 corporis
717 478 994 536 asperitates
1025 478 1075 522 iu
1112 478 1283 523 balneo
1323 479 1490 523 sudore
1523 478 1753 522 emicante

79 545 372 591 confricabis.
426 545 643 590 maxillas
690 545 792 602 apri
829 544 905 590 vel
952 545 1130 590 scrofae
1169 546 1409 590 combures
1457 547 1505 589 et
1551 543 1752 589 cinerem

78 611 178 656 eius
208 611 442 655 ulceribus
474 625 707 668 asperges,
740 614 788 656 615
812 610 974 656 statim
998 611 1253 657 sanabitur.
1301 611 1366 656 fel
1387 611 1626 655 taurinum
1650 625 1755 655 cum

79 677 181 721 oleo
229 677 420 734 cyprino
466 677 542 722 vel
587 691 720 722 roseo
765 677 953 722 illinies,
1007 678 1247 722 vettonica
1285 677 1335 721 in
1374 677 1478 722 cibo
1518 677 1594 721 vel
1638 680 1754 734 potu

79 745 266 799 sumpta
295 742 420 787 intra
450 743 537 788 VII
569 743 668 787 dies
702 744 763 786 ad
795 743 995 787 salutem
1023 743 1250 799 perducit.

375 873 377 875 ,
460 832 535 876 1)6
568 830 944 875 articulorum
977 830 1173 874 dolore
1207 830 1353 887 (XLI).

197 897 358 954 Sinapi
389 897 554 942 tritum
593 911 699 942 cnm
737 911 860 953 aqua
899 898 946 940 et
975 896 1167 953 polenta
1205 896 1447 953 imponito.
1503 896 1755 940 verbenam

78 978 182 1008 cum
213 963 417 1020 axungia
455 963 603 1008 veteri
641 966 739 1007 tere
778 962 964 1019 impone
1003 964 1051 1006 et
1089 962 1199 1018 liga.
1256 962 1578 1017 quinquefolia
1616 965 1756 1006 tunsa

77 1044 183 1073 cum
213 1029 417 1086 axungia
447 1029 596 1074 veteri
628 1029 726 1073 sine
759 1028 856 1073 sale
887 1028 1109 1085 imposita
1151 1028 1213 1072 ad
1245 1028 1497 1072 sanitatem
1526 1027 1753 1085 perducit.

78 1095 190 1140 beta
227 1095 342 1140 trita
381 1109 485 1138 cum
532 1109 640 1139 suco
681 1097 728 1139 et
766 1094 904 1139 melle
943 1094 1164 1151 imposita
1203 1094 1506 1138 articulorum
1549 1093 1756 1138 dolorem

80 1162 226 1206 sedat.
290 1160 606 1206 columbinum
645 1161 804 1204 fimum
845 1161 1087 1205 decoctum
1125 1160 1174 1203 in
1215 1162 1347 1204 aceto
1386 1162 1626 1215 tamquam
1657 1174 1755 1203 ma-

78 1228 237 1285 lagma
268 1228 514 1271 subactum
544 1227 743 1284 impone.
789 1227 1032 1283 porcinum
1061 1226 1221 1270 fimum
1258 1241 1416 1271 recens
1448 1226 1676 1283 imponito
1709 1228 1756 1270 et

82 1294 158 1338 die
189 1293 332 1337 tertia
365 1293 505 1350 solve,
540 1294 731 1338 sanasti.

272 1381 347 1425 De
378 1380 626 1425 talorum
659 1381 852 1425 dolore
884 1383 1100 1425 tumore
1133 1384 1181 1425 et
1211 1381 1344 1424 luxu
1376 1381 1547 1437 (XLII).

199 1446 369 1503 Virgas
418 1447 474 1491 de
520 1447 636 1491 rubo
685 1447 925 1491 combures
958 1449 1005 1491 et
1045 1447 1247 1491 cinerem
1284 1447 1437 1503 ipsum
1477 1446 1578 1490 0160
1624 1460 1756 1490 roseo

83 1512 425 1568 commiscebis,
458 1515 506 1556 et
536 1512 693 1557 uteris..
741 1512 967 1569 plantago
1008 1515 1140 1557 aceto
1179 1513 1294 1556 trita
1333 1515 1380 1556 et
1417 1512 1639 1568 imposita
1669 1514 1755 1555 tu-

81 1593 262 1624 mores
285 1578 426 1623 tollit.
460 1578 767 1634 hyoscyamus
793 1593 897 1622 cum
919 1592 1002 1622 sua
1026 1578 1183 1622 radice
1274 1580 1321 1622 615
1346 1592 1482 1635 super
1504 1578 1645 1634 pedes
1670 1577 1755 1620 im-

80 1646 237 1703 posita
259 1644 375 1688 mire
394 1644 576 1688 dolores
601 1647 648 1687 et
670 1647 874 1688 tumores
890 1644 1031 1689 tollit.
1064 1644 1202 1688 ibisci
1220 1645 1354 1688 radix
1373 1658 1478 1687 cum
1497 1643 1606 1688 vino
1624 1646 1758 1687 cocta

82 1725 186 1755 cum
217 1710 422 1767 axungia
453 1710 601 1754 veteri
634 1712 681 1753 et
721 1723 828 1754 sevo
868 1710 1057 1767 caprino
1098 1710 1355 1767 composita
1395 1710 1609 1754 omnibus
1641 1708 1756 1753 locis

82 1777 348 1821 dolentibus
393 1790 473 1820 seu
505 1776 793 1820 tumentibus
824 1777 998 1820 bonum
1029 1779 1112 1821 est.
1167 1777 1326 1820 fimum
1356 1775 1588 1831 liquidum
1618 1775 1756 1830 illini,

81 1845 128 1888 et
159 1842 373 1898 quotiens
399 1842 664 1898 siccabitur,
689 1842 859 1886 iterum
880 1842 1067 1898 reillini,
1101 1842 1275 1899 optime
1301 1841 1554 1886 sanabitur.
1596 1855 1758 1896 quam-

81 1909 152 1953 vis
183 1908 399 1965 turgidus
432 1908 494 1952 sit
524 1922 626 1965 pes,
667 1908 864 1952 linteum
896 1909 951 1952 de
992 1922 1115 1963 aqua
1154 1922 1259 1952 cum
1297 1908 1399 1952 0160
1433 1908 1679 1951 subactum
1710 1909 1758 1950 et

81 1973 353 2029 impositum
397 1973 513 2017 mire
560 1974 762 2029 prodest.
819 1974 1034 2031 caprinus
1082 1974 1215 2018 fimus
1263 1976 1396 2018 aceto
1445 1974 1662 2018 decoctus
1710 1975 1758 2017 et

80 2039 233 2083 mellis
271 2038 507 2083 modicum
558 2040 673 2083 mire
730 2042 867 2084 sanat
910 2039 1117 2084 vulnera.
1179 2040 1390 2097 linguam
1434 2040 1661 2084 bubulam
1708 2039 1758 2082 in

82 2108 214 2149 aceto
263 2105 517 2161 decoques,
571 2104 740 2149 tundes
788 2108 835 2150 et
880 2106 1114 2163 impones,
1168 2109 1397 2151 tumorem
1451 2108 1498 2150 615
1552 2106 1758 2149 dolorem

6 2203 8 2206 -
81 2170 285 2216 discutit.

201 2294 226 2332 2
244 2287 516 2347 Lapii1(pro
532 2287 741 2344 Lapacii)
753 2290 790 2331 b.
861 2292 887 2330 3
904 2287 1000 2331 rad'
1018 2289 1055 2332 b.
1117 2290 1368 2332 maceratii.
1431 2288 1627 2331 4sudore
1646 2286 1757 2331 emi-

83 2350 219 2392 cante
252 2350 289 2391 b.
413 2351 438 2389 5
471 2345 703 2390 comburis
737 2348 774 2390 b.
898 2352 923 2390 6
955 2346 1220 2390 uulceribus
1249 2347 1352 2402 (sic)
1375 2347 1400 2390 b
1538 2350 1561 2388 7
1587 2345 1758 2389 Betho-

8 2447 9 2450 ,
81 2405 190 2450 nica
219 2407 292 2450 hic
324 2407 362 2450 b.
485 2410 510 2448 9
541 2404 735 2448 ΧΧΧΧΙ
766 2406 860 2449 ind.
895 2407 933 2449 b.
1061 2409 1115 2448 10
1148 2404 1318 2461 Sinape
1352 2406 1390 2449 b.
1482 2404 1694 2448 Beruena
1719 2405 1756 2448 b.

0 2480 8 2523 ’ἶ
85 2497 139 2537 13
173 2491 280 2536 dol'.
476 2497 531 2536 14
561 2474 645 2548 tab
676 2473 737 2548 aa
766 2492 1003 2549 malagma
1033 2494 1098 2537 sic
1131 2494 1168 2537 b.
1216 2493 1272 2547 cf.
1307 2492 1456 2536 Marc.
1483 2505 1532 2548 p.
1560 2494 1668 2546 352,
1699 2495 1759 2535 10

0 2561 3 2578 ³
83 2551 150 2608 (in
178 2551 369 2595 modum
397 2550 727 2608 malagmatis).
852 2555 906 2594 15
937 2552 993 2606 cf.
1027 2551 1177 2595 Marc.
1204 2565 1253 2607 p.
1280 2553 1384 2605 352,
1409 2553 1480 2594 12.
1604 2555 1656 2594 17
1689 2550 1758 2594 De

81 2612 115 2655 t.
151 2610 193 2654 d.
225 2611 349 2654 rubr.
375 2623 419 2664 e,
457 2611 510 2653 in
546 2614 673 2654 textu
706 2613 811 2664 (atr.
843 2613 948 2666 scr.)
983 2611 1030 2666 b,
1072 2610 1149 2654 sed
1178 2611 1231 2653 in
1261 2610 1357 2653 ind.
1391 2610 1416 2653 b
1445 2607 1659 2651 XXXXII
1688 2608 1757 2653 De

81 2668 286 2713 talorum
318 2667 476 2712 dolore
506 2670 688 2712 tumore
720 2670 768 2711 et
798 2667 922 2713 luxu.
1046 2671 1101 2711 18
1130 2666 1361 2712 comburis
1387 2669 1424 2712 b.
1549 2671 1603 2710 19
1636 2680 1758 2711 com-

82 2726 249 2770 misces
274 2727 312 2771 b.
397 2731 454 2770 20
484 2725 798 2781 iusquiamurn
829 2728 866 2771 b.
956 2725 1115 2771 radice
1147 2728 1195 2771 et
1225 2728 1290 2771 sic
1318 2728 1355 2770 b.
1442 2731 1492 2770 21
1528 2725 1686 2770 Evisci
1717 2727 1755 2771 b.

13 2865 17 2868 ,
85 2819 141 2859 23
171 2815 202 2859 b
233 2823 292 2861 —·.-
317 2815 355 2859 b.
478 2813 613 2857 affini
645 2815 684 2858 b.
776 2818 833 2857 24
863 2795 1001 2858 reflh‘i
1032 2815 1069 2860 b.
1163 2818 1218 2857 25
1250 2811 1362 2857 111119
1389 2850 1396 2858 .
1425 2848 1434 2858 ,
1463 2850 1470 2859 .
1498 2813 1686 2858 subact⁹
1712 2817 1760 2859 et,

83 2872 252 2930 iposit‘)
284 2875 323 2919 b.
474 2877 529 2916 26
562 2886 598 2917 c.
631 2871 732 2916 fim9
763 2873 837 2918 hic
868 2875 907 2917 b.
940 2874 997 2928 cf.
1029 2874 1159 2929 infra
1190 2874 1243 2918 de
1273 2874 1425 2918 eadem
1453 2887 1502 2918 re
1518 2887 1566 2930 1⁰·
1591 2875 1697 2931 294,
1727 2876 1760 2918 2

18 2954 19 2958 ¹
89 2937 164 2990 (ex
195 2934 287 2978 alio
317 2931 459 2987 fonte)
492 2931 651 2975 fimum
681 2933 720 2976 b.
841 2930 985 2976 uulna
1016 2933 1055 2977 b.
1178 2936 1232 2976 28
1263 2931 1418 2988 iponis
1451 2933 1490 2978 b.

1778 907 1820 938 10

1779 1233 1822 1266 15

1781 1585 1823 1616 20

1781 1914 1823 1948 25
