1988 3184
712 129 1155 175 ΑΒΜΤΑΜΕΝΤΑ.
1659 127 1764 181 291

0 256 70 323 ,Μελ
92 262 300 320 intinges
332 265 380 306 et
409 262 633 320 impones.
670 262 832 319 adipes
862 260 1078 318 vulpinos
1110 260 1372 318 inunguito.
1405 260 1563 305 inulae
1593 260 1767 305 herbae

2 319 34 365 ²?
93 327 210 373 folia
246 328 356 372 vino
401 328 516 373 trita
561 328 802 386 imponito.
849 327 1137 372 nasturcium
1182 341 1286 371 cum
1322 327 1515 384 polenta
1561 326 1767 371 calidum

95 407 200 438 cum
223 396 356 439 aceto
386 393 658 451 impositum
679 394 882 451 prodest.
917 393 1110 450 sulphur
1131 393 1291 439 vivum
1381 395 1429 437 et
1451 392 1666 437 vitellum
1690 392 1767 437 ovi

93 474 199 504 cum
229 473 426 505 caroeno
458 460 759 505 commixtum
781 459 1023 516 imponito.
1057 473 1214 504 semen
1244 458 1465 516 asparagi
1495 459 1660 504 tritum
1690 459 1766 504 vel

91 526 297 571 radicem
322 526 421 571 eius
445 540 551 570 cum
572 526 682 571 vino
715 539 865 582 aequa
887 539 1104 570 mensura
1125 525 1261 582 potui
1285 526 1409 570 dato.
1455 540 1616 569 sucum
1637 524 1765 582 porri
1811 536 1831 569 5

92 591 258 636 sectivi
296 606 401 636 cum
438 591 626 636 hemina
663 590 830 648 (vini)
867 591 1000 648 potui
1040 592 1164 637 dato.
1216 591 1371 636 nuclei
1411 591 1766 648 amygdalorum

89 657 193 702 triti
224 671 280 702 ex
319 671 441 714 aqua
470 657 605 714 potui
637 657 738 702 dati
773 657 889 702 mire
919 659 1125 714 prosunt.
1157 656 1412 714 millepeda
1442 657 1557 701 trita
1588 659 1636 701 et
1667 656 1766 701 suci

91 723 189 767 eius
233 723 412 767 denarii
449 723 631 780 pondus
669 723 806 767 unius
846 737 951 767 cum
987 722 1087 767 vini
1126 723 1275 779 cyatis
1298 724 1499 777 duobus
1538 723 1763 767 medetur.

452 811 535 854 Ad
566 825 829 855 coxarum
859 811 1084 855 dolores
1117 811 1399 868 (XXXVHI).

204 876 373 933 Populi
403 890 593 933 germen
622 876 672 919 in
702 875 811 920 vino
844 879 1027 920 coctum
1054 879 1101 920 et
1125 890 1391 933 expressum
1423 876 1609 920 adiecta
1641 891 1765 932 aqua
1788 889 1831 921 10

86 942 222 986 bibat
235 978 245 998 ‚
292 956 431 986 sanus
477 942 569 986 flet.
630 941 839 986 ursinum
891 942 1051 986 fimum
1096 957 1202 986 cum
1258 941 1464 998 axungia
1509 942 1628 985 bene
1681 943 1763 985 tri-

85 1010 186 1052 tum
216 1007 457 1064 imponito.
505 1007 549 1051 ei
579 1007 705 1064 parti
736 1021 855 1064 quae
889 1008 1017 1052 dolet
1052 1007 1303 1053 testudinis
1337 1021 1500 1051 coxam
1531 1007 1764 1051 abscisam

86 1073 319 1131 alligabis.
368 1087 658 1117 cucumerem
696 1074 947 1118 erraticum
984 1074 1113 1131 ligno
1158 1072 1376 1118 effossum
1414 1087 1518 1116 cum
1558 1073 1763 1129 axungia

83 1139 231 1184 veteri
262 1139 514 1184 contritum
538 1141 586 1183 et
609 1153 693 1196 per
717 1139 841 1184 diem
870 1142 1147 1196 noctemque
1172 1154 1314 1183 unam
1337 1138 1622 1196 impositum,
1646 1138 1763 1183 mire

84 1206 286 1262 prodest.
334 1205 527 1249 herbam
549 1205 847 1262 polygonum,
881 1220 1022 1262 quam
1051 1220 1135 1250 nos
1166 1205 1517 1262 sanguinariam
1549 1204 1760 1260 dicimus,
1787 1218 1829 1250 15

82 1275 270 1316 tunsam
310 1271 508 1328 impone.
571 1271 687 1316 item
724 1272 1013 1316 artemisiam
1051 1273 1295 1316 contusam
1334 1274 1381 1315 et
1419 1271 1469 1314 in
1508 1285 1631 1326 aqua
1670 1270 1759 1314 fer—

0 1346 3 1347 ’
82 1337 212 1382 venti
259 1336 500 1380 dimissam
545 1336 705 1394 tolles,
753 1339 801 1381 et
854 1352 993 1394 supra
1038 1338 1325 1395 polygonum
1370 1351 1513 1392 quam
1556 1336 1759 1393 primum

83 1403 370 1460 imposueras
409 1402 629 1459 antehac,
668 1402 853 1459 impone
895 1403 1099 1447 calidam
1130 1406 1178 1448 et
1215 1404 1334 1447 bene
1367 1402 1626 1459 alligatam.
1672 1402 1760 1445 1100

83 1482 167 1525 per
196 1468 405 1512 triduum
435 1469 604 1526 facito,
635 1470 837 1526 prodest.
893 1469 1009 1513 facit
1039 1469 1127 1513 hoc
1160 1470 1221 1513 ad
1252 1468 1466 1525 quamvis
1499 1467 1762 1513 vetustissi-

83 1549 210 1578 mum
250 1535 455 1579 dolorem
495 1537 543 1579 et
581 1535 856 1591 sanguinem
893 1536 1143 1580 erraticum
1182 1538 1229 1580 et
1268 1535 1330 1579 ad
1368 1535 1536 1579 tubera
1567 1534 1624 1590 ,111
1664 1548 1760 1577 001·-
1785 1549 1827 1579 20

83 1614 194 1657 pore
227 1602 275 1644 et
307 1601 369 1644 ad
398 1614 645 1644 nervorum
676 1601 1016 1645 contractiones
1050 1605 1097 1646 et
1128 1602 1189 1645 ad
1212 1602 1483 1658 podagram.
1525 1600 1607 1644 sed
1639 1602 1760 1644 arte-

82 1666 247 1710 misiae
287 1667 408 1710 lacte
439 1669 724 1710 maceratam
754 1667 977 1723 impones.
1022 1667 1291 1711 cucurbitae
1332 1680 1489 1711 semen
1520 1680 1625 1709 cum
1656 1665 1758 1709 oleo

84 1735 132 1778 et
164 1735 296 1777 aceto
335 1733 500 1777 tritum
539 1735 586 1777 et
615 1736 807 1777 unctum
846 1736 995 1779 sanat.
1039 1733 1305 1778 vettonicae
1337 1732 1519 1789 pondus
1564 1732 1761 1775 duorum

84 1799 379 1843 denariorum
410 1799 459 1842 in
501 1799 652 1843 mulsa
691 1798 847 1843 calida
883 1799 1017 1856 potui
1061 1800 1234 1844 datum.
1282 1799 1370 1842 hoc
1411 1801 1459 1842 et
1495 1798 1761 1842 lumborum

84 1864 266 1909 dolores
298 1864 438 1910 tollit.
486 1865 559 1921 git
589 1867 817 1920 quantum
846 1865 997 1910 tribus
1031 1864 1192 1922 digitis
1225 1863 1391 1908 tollere
1429 1866 1563 1920 potes
1594 1863 1759 1908 tritum
1782 1876 1826 1909 25

84 1930 134 1975 in
163 1931 291 1987 passi
323 1930 484 1975 cretici
517 1931 665 1987 cyatis
700 1931 880 1975 duobus
911 1930 1044 1988 potui
1077 1931 1239 1975 datum
1268 1930 1472 1987 prodest.

205 2082 227 2120 1
247 2077 442 2134 intingis
461 2079 508 2121 et
523 2077 678 2133 iponis
696 2079 734 2122 b.
797 2077 960 2138 Innule
979 2079 1018 2122 b.
1082 2082 1107 2120 3
1134 2077 1271 2121 Sufur
1286 2077 1409 2121 vivfi.
1441 2076 1582 2121 Cimis
1600 2078 1696 2134 (sic)
1713 2078 1761 2121 et

82 2164 248 2209 vitellfi
282 2164 357 2208 ovi
390 2167 430 2210 b.
533 2169 561 2207 4
593 2164 781 2222 sparagi
813 2167 838 2210 b
862 2166 934 2222 (cf.
969 2165 1043 2209 Ps.
1071 2165 1231 2222 Pha).
1325 2169 1350 2208 5
1376 2146 1449 2210 aii.
1482 2165 1616 2222 potui
1649 2165 1691 2208 d.
1718 2166 1756 2210 b.

82 2250 193 2298 Sue>
224 2254 261 2298 b.
386 2257 411 2295 6
444 2256 500 2296 cfi
526 2234 649 2298 emi&
679 2252 813 2309 potui
845 2254 870 2297 b
895 2253 967 2309 (ef.
1000 2252 1075 2298 Ps.
1110 2253 1272 2308 mm).
1397 2259 1420 2297 7
1456 2253 1567 2298 dato
1600 2254 1638 2297 b.

80 2310 352 2367 millepedia
385 2313 423 2357 b.
576 2310 678 2357 suc9
709 2314 746 2356 b.
899 2317 925 2356 8
956 2310 1105 2368 pond9
1137 2313 1162 2355 b
1196 2313 1270 2366 (cf.
1306 2311 1381 2357 Ps.
1405 2313 1531 2357 Plin.
1557 2325 1605 2367 p.
1632 2313 1755 2365 125).

82 2375 108 2414 9
131 2372 184 2415 ia
206 2371 300 2414 ind.
319 2369 568 2416 XXXVIII.
616 2372 685 2415 De
710 2384 930 2414 coxarum
953 2370 1111 2415 dolore
1136 2372 1175 2414 b.
1224 2371 1280 2424 ef.
1306 2384 1449 2427 supra
1472 2386 1507 2415 c.
1524 2369 1756 2414 XXXIIII.

7 2483 10 2486 ι
82 2433 138 2472 10
167 2427 340 2485 Pupuli
371 2430 410 2473 b.
534 2434 587 2474 11
619 2430 705 2474 fiat
735 2434 840 2474 ante
869 2431 954 2486 ips.
988 2443 1099 2475 corr.
1134 2431 1172 2475 b.
1305 2429 1445 2475 bene:
1476 2432 1568 2475 uefi
1599 2430 1637 2475 b.

0 2525 9 2529 ”
82 2522 136 2562 12
160 2516 240 2561 Ε19
263 2533 295 2575 p
322 2518 361 2562 b.
514 2516 703 2564 abscid'.
738 2519 786 2561 et
817 2498 964 2575 alliga
996 2519 1033 2562 b.
1143 2521 1196 2560 15
1228 2516 1486 2574 polegonus
1512 2521 1550 2564 b.
1655 2533 1758 2563 san-

80 2605 266 2662 ginaria
297 2608 335 2650 b.
467 2608 521 2648 17
546 2619 706 2660 quam:
738 2587 824 2662 1αᾶ
855 2608 892 2651 b.
1046 2611 1100 2650 18
1133 2610 1195 2652 aii
1224 2594 1301 2651 11⁴5
1323 2609 1361 2653 b.
1508 2612 1561 2651 19
1594 2607 1686 2651 Fae
1719 2609 1757 2654 b.

0 2675 19 2687 *
80 2668 133 2707 21
170 2663 440 2723 arthemisie
472 2665 538 2708 sic
569 2665 606 2708 b.
761 2669 815 2707 22
846 2665 1021 2721 ipoims
1048 2667 1086 2710 b.
1263 2669 1320 2709 23
1351 2665 1565 2726 vetonice
1598 2667 1638 2711 b.

27 2750 29 2752 -
81 2726 137 2766 24
172 2723 256 2766 dot
280 2724 318 2767 b.
413 2726 468 2766 25
500 2721 602 2778 gita
634 2723 659 2766 b
688 2724 763 2778 (ef.
797 2724 914 2768 idem
944 2734 1086 2781 supra
1103 2738 1150 2781 p.
1173 2728 1280 2780 290,
1304 2727 1402 2782 28).

1405 2990 1490 3033 19*
