1950 3172
212 159 322 214 280
770 159 1348 207 PSEUDo-THEODORI

209 293 410 339 fasciola
439 293 568 338 linea
598 293 764 351 ligato.
813 294 941 350 quod
972 307 1121 350 usque
1151 293 1365 339 triduum
1394 294 1506 339 inde
1536 309 1596 340 ne
1624 296 1794 355 solvas,
1826 297 1910 343 sed

212 361 269 406 de
303 360 576 418 supradicto
616 362 750 405 aceto
791 374 975 418 semper
1003 360 1216 406 infunde.
1277 360 1369 406 hoc
1405 375 1516 406 vero
1555 362 1793 408 adiutorio
1825 363 1910 408 ad-

208 427 366 472 hibito
398 441 488 474 nec
511 426 567 471 -in
596 429 829 472 tumorem
859 427 1006 485 plaga
1036 426 1210 484 veniet,
1243 429 1292 473 et
1313 429 1481 485 postea
1508 428 1724 474 celeriter
1754 431 1907 475 sanat.

208 538 288 583 Ad
310 539 352 594 I,
375 541 435 584 21
463 541 566 596 (68)
593 539 849 584 clausulam
871 541 1027 597 (quam
1050 540 1116 584 sic
1137 541 1334 586 mutavit
1365 541 1412 585 b:
1444 539 1564 587 Sunt
1587 540 1734 585 etiam
1763 541 1907 587 haec

164 622 184 654 5
210 604 447 650 adiutoria
478 605 553 649 his
585 605 739 649 causis
772 605 1021 663 aptissima
1054 605 1141 650 sub
1180 621 1275 651 una
1314 606 1490 652 virtute
1520 607 1781 664 medentia,
1823 607 1907 653 sed

205 670 336 715 varie
361 671 637 728 composita,
669 686 868 728 quarum
889 673 1244 730 perseverantia
1269 672 1488 733 effectum
1510 673 1790 718 facillimum
1814 688 1907 719 ex-

542 789 544 791 ,
846 739 1002 795 perti
1035 742 1262 798 sumusz)

325 803 543 849 Verbena
573 804 723 849 herba
755 804 960 850 contrita
985 808 1033 850 et
1056 806 1282 864 imposita
1311 806 1506 852 mirifice
1530 808 1736 864 prodest.
1782 822 1908 864 aqua

206 869 289 915 ubi
322 870 480 915 caules
515 871 698 915 decocti
731 873 841 917 sunt
872 872 1038 929 tepida
1070 873 1110 916 si
1140 873 1246 918 loca
1277 873 1382 931 ipsa
1413 874 1657 931 fomentes,
1700 877 1748 919 et
1777 874 1908 933 ipsos

140 955 183 986 10
209 937 367 982 caules
416 938 613 982 detritos
656 937 731 982 bis
771 938 821 981 in
862 938 938 982 die
985 939 1221 997 imponas,
1264 940 1506 985 vulnera
1548 941 1811 986 recentia
1851 943 1909 986 et

205 1006 407 1048 vetera
440 1006 495 1048 et
533 1004 774 1048 fistulas
816 1007 965 1050 sanat.
1014 1006 1150 1050 bulbi
1181 1006 1285 1051 triti
1317 1006 1407 1051 soli
1446 1007 1507 1051 ad
1551 1006 1723 1052 vulnus
1763 1007 1907 1065 gluti-

204 1071 415 1114 nandum
456 1071 797 1128 adhibeantur,
840 1071 1211 1129 experimentum
1243 1075 1326 1118 est.
1390 1073 1498 1117 rubi
1535 1073 1620 1118 flos
1658 1073 1735 1118 vel
1773 1088 1907 1118 mora

204 1136 430 1194 imposita
462 1137 593 1195 trita,
631 1137 731 1182 sine
765 1138 1042 1184 collectione
1073 1139 1271 1184 vulnera
1301 1139 1511 1185 recentia
1543 1143 1694 1186 sanat.
1755 1139 1908 1185 lintea

205 1207 339 1250 aceto
372 1203 530 1249 infusa
563 1203 661 1249 sale
692 1204 807 1249 trito
840 1205 1066 1250 ammixto
1098 1205 1322 1263 imposita
1345 1220 1430 1263 per
1452 1206 1676 1264 triduum,
1708 1206 1906 1251 vulnera

138 1286 180 1319 15
204 1271 327 1317 ferro
361 1273 521 1316 secata
552 1271 864 1317 intumescere
895 1287 992 1317 non
1021 1272 1205 1329 patitur
1230 1275 1278 1317 et
1301 1273 1364 1316 ad
1389 1272 1643 1318 sanitatem
1675 1272 1770 1317 cito
1801 1287 1905 1331 per-

206 1337 348 1383 ducit.
404 1352 547 1383 vena
578 1338 766 1383 incisa
799 1339 847 1383 si
885 1339 1088 1396 fuerit,
1130 1339 1326 1384 floccum
1363 1354 1650 1397 purpureum
1689 1339 1904 1397 alligato,

204 1406 252 1448 et
282 1418 391 1448 mox
423 1403 615 1450 claudit.
666 1405 808 1449 calcis
833 1405 989 1463 pulvis
1016 1406 1260 1463 appositus
1285 1406 1374 1450 hoc
1398 1406 1526 1451 idem
1549 1406 1678 1452 facit.
1724 1420 1903 1452 venae

204 1470 433 1515 solutae
468 1471 517 1515 si
549 1470 776 1515 fuerint
808 1474 892 1516 aut
923 1471 1046 1517 ferro
1071 1472 1250 1517 incisae
1275 1476 1323 1518 et
1347 1473 1539 1531 sanguis
1563 1473 1786 1531 restringi
1809 1487 1905 1518 non

201 1537 390 1595 poterit,
423 1537 752 1595 plantaginem
774 1538 940 1583 tritam
973 1553 1111 1596 super
1137 1539 1351 1597 alligato,
1383 1540 1636 1596 probatum
1661 1542 1745 1585 est.
1786 1539 1905 1584 folia

135 1618 178 1651 20
202 1604 436 1648 verbenae
467 1605 583 1649 trita
617 1618 722 1648 cum
754 1605 961 1663 axungia
992 1605 1238 1663 imponito,
1273 1606 1437 1651 statim
1465 1608 1614 1651 sanat.
1649 1606 1688 1650 si
1721 1605 1903 1651 scillam

200 1685 375 1728 purgas
410 1673 458 1715 et
489 1670 716 1715 interiora
749 1671 848 1716 eius
888 1674 1052 1717 tenera
1091 1672 1142 1716 in
1178 1673 1327 1730 pilam
1366 1673 1517 1717 mittis
1551 1675 1599 1717 et
1630 1687 1686 1717 ex
1719 1672 1821 1717 oleo
1855 1674 1904 1716 et

200 1738 310 1782 vino
342 1737 568 1794 psyllium
600 1740 849 1783 contusum
879 1753 964 1796 pro
1004 1739 1294 1796 malagmate
1334 1739 1537 1796 imponis
1571 1741 1618 1782 et
1648 1738 1791 1784 tertio
1825 1738 1902 1782 die

199 1803 411 1861 resolvis,
443 1804 640 1849 vulnera
673 1804 882 1849 recentia
910 1805 1126 1861 quamvis
1150 1806 1416 1863 periculosa
1449 1808 1497 1849 et
1526 1818 1694 1849 nervos
1727 1804 1902 1849 incisos

202 1872 250 1914 et
285 1884 391 1914 ossa
423 1871 718 1916 consolidare
751 1873 996 1928 expertum
1027 1874 1110 1917 est.
1171 1873 1332 1916 fimum
1362 1872 1593 1916 bubulum
1624 1886 1730 1916 cum
1759 1871 1901 1916 melle

135 1950 178 1983 25
203 1940 414 1982 recentes
445 1938 614 1995 plagas
647 1938 770 1983 ferro
804 1938 956 1983 factas
990 1941 1139 1983 sanat.
1196 1938 1377 1983 viscum
1402 1937 1637 1995 axungiae
1667 1937 1718 1981 in
1749 1936 1903 1981 unciis

200 2004 325 2047 binis
360 2004 498 2048 simul
532 2004 787 2049 contritum
813 2004 1026 2062 alligato,
1061 2005 1215 2062 aperit
1246 2007 1477 2062 expurgat
1508 2003 1689 2048 claudit
1720 2006 1769 2047 et
1797 2017 1901 2060 per-

202 2074 351 2115 sanat.
400 2064 523 2116 ⁴item
560 2071 715 2116 mellis
755 2072 915 2129 butyri
954 2072 1138 2116 resinae
1181 2072 1344 2116 uncias
1383 2069 1725 2116 ternassimul
1765 2070 1902 2114 deco-

200 2138 303 2194 quis
338 2141 385 2182 et
417 2130 689 2183 commisces
724 2139 871 2183 donec
898 2138 948 2182 in
973 2153 1020 2183 se
1054 2141 1236 2195 coeant,
1270 2140 1318 2183 et
1348 2137 1597 2182 linteolum
1627 2135 1826 2193 intingis
1852 2137 1903 2180 et

199 2205 384 2249 vulneri
415 2205 632 2262 imponis,
667 2220 830 2250 carnes
865 2197 922 2251 de
954 2205 1059 2250 loco
1093 2219 1175 2249 suo
1207 2207 1412 2250 remotas
1444 2204 1571 2249 intra
1599 2206 1606 2261 ι
1633 2205 1694 2260 (p.
1709 2205 1784 2259 47)
1815 2202 1899 2246 tri-

132 2283 176 2314 30
203 2272 346 2314 duum
377 2271 587 2328 glutinat
619 2274 667 2316 et
700 2274 909 2316 comesta
941 2271 1023 2323 vel,
1049 2286 1167 2317 cava
1198 2272 1370 2329 replet,
1411 2274 1459 2316 et
1496 2271 1616 2315 mira
1655 2269 1898 2314 celeritate

202 2352 367 2382 sanare
408 2340 587 2383 certum
627 2341 710 2384 est.
781 2339 943 2382 fimum
984 2339 1232 2383 scrofinum
1277 2339 1455 2383 illitum
1501 2337 1698 2382 vulnera
1745 2338 1895 2380 sanat.

199 2404 372 2448 herbae
405 2405 640 2450 verbenae
672 2405 790 2449 folia
823 2406 921 2450 sive
953 2405 1158 2449 ramulos
1192 2405 1292 2449 eius
1323 2404 1599 2449 tenerrimos
1631 2403 1741 2448 vino
1773 2403 1900 2447 bono

201 2472 358 2514 coctos
399 2474 447 2515 et
492 2472 631 2516 tritos
679 2472 932 2529 imponito,
980 2471 1149 2516 vulnus
1191 2471 1344 2528 aperit
1392 2474 1440 2516 et
1478 2472 1719 2527 expurgat.
1782 2469 1900 2513 item

325 2659 350 2696 2
385 2668 525 2710 supra
559 2655 698 2700 dictis
732 2657 770 2701 b.
894 2661 920 2699 3
953 2670 1038 2714 seq.
1072 2671 1148 2713 ap.
1187 2656 1354 2701 Theod.
1388 2653 1688 2699 Glutinantia
1718 2666 1897 2698 vero...

205 2745 258 2782 15
294 2743 454 2786 secata
489 2745 592 2799 (sic)
628 2746 666 2789 b.
793 2749 847 2788 19
892 2759 946 2788 su
1028 2744 1229 2801 alligata
1259 2714 1298 2804 ᾧ
1331 2752 1412 2793 ÷.
1506 2747 1562 2787 20
1594 2741 1707 2787 trite
1739 2743 1778 2787 b.

202 2798 425 2853 squillam
457 2803 494 2845 b.
589 2807 642 2845 21
670 2802 831 2847 mittes
858 2805 906 2847 et
930 2817 956 2847 o
979 2803 1023 2847 ei
1048 2806 1097 2848 et
1118 2803 1219 2847 vini
1249 2802 1461 2861 psillium
1486 2804 1524 2847 b.
1642 2806 1698 2844 22
1729 2807 1898 2857 ipones

265 2892 273 2901 .
299 2857 503 2902 resolves
530 2862 568 2904 b.
656 2866 712 2904 24
747 2861 909 2920 expitfi
934 2867 958 2906 e
984 2865 1022 2907 b.
1098 2862 1258 2906 fimum
1275 2864 1372 2920 (sic)
1391 2864 1430 2907 b.
1508 2866 1564 2906 26
1591 2874 1682 2905 ana
1705 2859 1749 2903 H
1770 2869 1831 2909 -ἰ-
1856 2859 1896 2903 b.

203 2914 355 2959 cludit
387 2918 424 2960 b.
585 2923 640 2961 27
674 2919 813 2963 Bitiri
845 2922 884 2965 b.
1068 2935 1159 2965 ana
1189 2922 1255 2966 ΠΙ
1286 2932 1344 2970 -÷-
1369 2923 1408 2966 b.
1592 2920 1822 2974 decoques
1856 2918 1896 2962 b.

204 2978 260 3018 28
294 2975 497 3019 coheant
529 2978 567 3021 b.
691 2977 898 3035 intinges
926 3013 935 3023 .
964 3015 972 3023 .
1001 3013 1010 3023 .
1034 2986 1201 3036 ipones
1234 2982 1272 3026 b.
1310 2998 1312 3001 ’
