1988 3184
120 281 290 336 ceptus
300 278 379 338 [in
395 279 658 336 spirante

127 338 231 383 deo
271 337 490 395 accipit
535 337 658 383 ani-

126 398 303 455 mam]
344 397 445 442 Im.
499 410 658 442 mense

129 454 329 512 ungulas
383 455 557 513 accipit
610 458 658 500 et

126 516 307 558 motum
359 514 534 571 accipit
586 514 656 558 in-

124 572 231 617 fans
241 573 407 618 habeo,
417 573 517 618 IIII.
529 587 656 618 men-

123 644 178 675 -se
191 630 449 677 nausiatur.
463 632 519 677 V.
534 645 653 677 men.

123 703 178 734 se
237 689 354 734 facit
415 692 655 735 cataracta

123 748 204 792 cui
227 747 394 793 similis
420 748 511 793 erit
528 749 655 806 patri

123 809 210 851 aut
231 806 383 852 matri.
403 807 479 852 VI.
495 821 654 852 mense

124 865 457 909 confirmantur
507 866 652 911 nervi.

124 923 270 967 VHmo
292 937 451 969 mense
475 925 654 969 consoli

121 982 298 1026 dantur
305 982 356 1026 id
365 985 437 1027 est
449 997 654 1040 aequan-

121 1043 200 1085 tur
258 1041 475 1087 medulle.
530 1042 650 1088 VIII.

119 1113 280 1144 mense
349 1100 653 1146 indurescunt

120 1158 374 1203 ossa.VIIII
385 1173 542 1205 mense
554 1175 652 1205 ma·

119 1219 307 1261 turatur
337 1217 504 1264 infans,
549 1219 652 1262 Xmo

122 1275 200 1334 die
246 1276 419 1320 mensis
467 1277 649 1323 decimi.

120 1333 382 1391 legittimus
443 1336 653 1381 nascitur

120 1392 273 1437 homo.
319 1395 366 1437 et
411 1397 653 1450 peractam

118 1454 339 1495 naturam
348 1452 509 1497 ordine
519 1454 571 1511 [d
580 1467 604 1497 e
614 1453 650 1512 i]

119 1509 345 1554 beneficio
378 1524 407 1554 a
444 1512 650 1556 tenebris

118 1568 170 1612 in
200 1569 305 1625 luce¹
337 1583 479 1624 quam
502 1570 650 1615 volvi-

117 1629 197 1671 tur
225 1626 395 1672 infans.

290 2942 463 2998 IV(P)

809 149 1122 194 GYNAECIA.

1700 147 1813 201 455

703 278 861 324 bilico.
902 281 951 324 et
987 279 1105 324 facit
1142 292 1230 324 res.
1279 278 1330 323 in
1397 281 1531 324 utero
1596 281 1810 324 materno

702 337 755 382 in
790 338 880 382 hoc
927 340 1000 383 est
1042 352 1235 396 congre-

703 396 835 454 gatio
869 396 1126 454 sanguinis.
1164 410 1233 441 se-

704 455 856 500 cundo
924 469 1083 500 mense
1156 469 1233 500 ex-

701 514 880 571 pressio
905 514 1110 571 corporis
1133 514 1232 558 ani-

701 587 828 617 mam
862 572 1043 618 tribuit.
1090 573 1232 617 tertio

700 645 858 676 mense
882 631 1057 688 ungule
1090 633 1232 688 atqoe

702 690 864 747 capilli
893 692 1162 735 nascuntur.
1185 692 1233 735 et

700 751 881 793 motum
910 749 1028 793 facit
1058 749 1228 794 infans.

700 807 900 863 ideoque
917 810 966 852 et
974 808 1064 851 IIII
1072 821 1230 852 mense

698 865 974 910 mulieribus
990 866 1167 910 nausiae
1178 867 1231 910 fi-

699 927 785 968 unt
817 925 943 981 quod
966 924 1094 981 greci
1118 939 1230 970 ana-

698 983 865 1028 raxion
873 983 1228 1040 vocant.quinto

699 1044 858 1087 autem
896 1056 1068 1087 mense.
1111 1042 1231 1087 facit

699 1100 964 1147 caracteris.
985 1101 1135 1146 nodis.
1158 1103 1228 1146 at·

699 1174 789 1216 que
851 1160 1087 1205 adulteria
1151 1161 1228 1205 de-

697 1221 940 1264 monstrat.
954 1221 1085 1263 sexto
1101 1233 1229 1264 men-

699 1291 761 1322 se.
814 1277 932 1322 facit
982 1292 1230 1322 nervorum

698 1336 1111 1382 consumationem.
1127 1350 1228 1394 sep-

697 1394 786 1438 tim
801 1409 959 1439 mense
972 1395 1228 1440 medullam

698 1453 953 1498 confirmat.
1041 1455 1224 1499 octabo.

698 1526 821 1555 cumv
847 1511 1068 1568 periculis
1121 1527 1227 1557 ossa

697 1570 952 1616 confirmat.
977 1584 1099 1615 nono
1116 1585 1226 1616 vero

695 1642 854 1673 mense
877 1632 1113 1673 maturum
1129 1644 1226 1674 mo-

695 1690 775 1731 vet
805 1687 1048 1732 infantem.

897 2942 1028 3001 Vm)

1280 340 1593 395 congregatur
1630 338 1682 382 in
1711 353 1811 382 um-

1278 396 1487 454 bilicum,
1526 396 1578 441 in
1616 397 1707 442 hoc
1738 400 1811 442 est

1279 455 1596 513 congregatio.
1647 469 1809 501 secun-

1279 514 1338 558 do
1369 528 1528 558 mense
1573 515 1808 572 expressio

1278 575 1350 617 est
1396 573 1616 630 corporis.
1666 574 1808 619 tertio

1276 645 1449 688 mense,
1497 631 1609 688 quia
1653 633 1808 690 priore

1276 689 1532 735 formatum
1585 694 1657 736 est
1709 706 1808 736 cor-

1275 763 1377 806 pus,
1404 749 1447 794 ei
1459 749 1685 794 tribuitur
1709 750 1808 795 ani-

1275 821 1366 852 ma.
1427 810 1595 864 quarto
1649 823 1808 854 mense

1275 880 1455 923 ungues
1526 867 1699 925 accipit
1760 871 1809 913 et

1276 925 1472 982 capillos
1491 926 1634 983 ducit,
1650 929 1698 971 et
1709 941 1807 972 mo-

1275 985 1378 1028 tum
1414 984 1532 1029 facit
1569 985 1724 1030 infans
1756 986 1807 1030 in

1275 1044 1408 1087 utero
1439 1045 1664 1089 materno.
1697 1045 1805 1089 ideo

1276 1103 1444 1157 quarto
1491 1115 1649 1147 mense
1701 1117 1805 1160 pre-

1275 1162 1473 1217 gnantes
1534 1165 1803 1207 nascuntur.

1275 1219 1439 1275 quinto
1486 1234 1644 1265 mense
1690 1221 1807 1266 facit

1274 1281 1559 1323 caracterem
1655 1280 1804 1336 patris

1274 1336 1374 1381 eius
1407 1340 1490 1381 aut
1511 1338 1691 1395 matris,
1722 1341 1807 1383 aut

1273 1395 1559 1440 adulterium
1617 1397 1806 1442 demon-

1274 1456 1405 1498 strat.
1463 1457 1593 1499 sexto
1643 1469 1802 1500 mense

1273 1512 1422 1556 adicit
1433 1526 1680 1557 nervorum
1696 1528 1804 1558 con-

1272 1571 1597 1617 firmationem.
1661 1573 1803 1630 septi-

1272 1643 1347 1673 mo
1393 1644 1552 1674 mense
1591 1631 1801 1676 medulla

1273 1688 1606 1734 consolidatur.
1634 1691 1801 1735 octavo

1271 1760 1428 1791 mense
1444 1761 1549 1791 ossa
1560 1748 1800 1793 durantur.

1270 1819 1392 1849 nono
1438 1819 1596 1851 mense
1649 1809 1802 1851 matu-

1270 1866 1426 1908 ratum
1455 1866 1613 1910 movet
1647 1865 1800 1910 infan-

1269 1924 1367 1966 tem
1379 1922 1585 1979 effectus,
1602 1927 1800 1969 naturae

1269 1995 1424 2025 rerum
1442 1982 1694 2028 beneficiis,
1722 1984 1799 2028 de-

1269 2039 1389 2084 cimo
1413 2054 1571 2085 mense
1598 2042 1654 2086 de
1671 2044 1800 2087 tene-

1268 2098 1364 2142 bris
1397 2100 1459 2143 ad
1497 2099 1649 2144 lucem
1688 2101 1800 2146 exit.

1457 2946 1531 2990 VI
1546 2946 1631 3001 (B)
