1950 3172
107 290 110 291 ⁷
195 240 336 286 XXX.
361 240 431 285 De
457 238 654 284 diversis
678 237 809 284 vitiis
825 239 874 283 in
899 250 989 282 ano

257 299 573 344 nascentibus.

196 358 360 404 XXXI.
391 359 461 403 De
494 356 709 415 syringis.

196 417 381 463 XXXII.
414 417 483 462 De
512 415 828 474 pernionibus.

195 476 403 521 XXXIII.
448 476 518 520 De
564 473 772 531 ragadiis
817 473 991 530 pedum

257 535 335 579 vel
367 534 633 592 digitorum.

194 594 421 639 XXXIIII.
453 593 522 637 De
552 589 865 649 paronychiis,

311 680 470 739 (XXX)
494 679 570 733 vel
595 678 799 736 siringiis
824 679 930 723 add.
947 678 1008 723 B.
1099 677 1281 734 (XXXI)
1297 680 1415 724 hanc
1430 693 1512 724 om.
1531 680 1590 724 B.

800 737 1047 795 (XXXVII)
1087 737 1379 782 elefantiacis
1412 740 1483 784 br.

194 739 577 798 pregnationibus
610 741 649 783 b.

1078 235 1262 282 XXXV.
1295 235 1363 281 De
1393 236 1578 294 pruritu
1608 237 1687 282 vel
1717 237 1877 282 scabie

1139 294 1287 339 totius
1319 295 1540 353 corporis.

1078 353 1284 399 XXXVI.
1303 353 1373 399 De
1395 354 1593 399 maculis
1617 354 1669 400 in
1684 368 1877 414 corpore

1138 412 1457 457 nascentibus.

1078 470 1306 518 XXXVII.
1338 472 1408 516 De
1440 472 1746 518 elefantiosis.

1078 530 1328 576 XXXVIII.
1362 531 1431 576 De
1462 531 1800 577 luxationibus.

1606 679 1878 797 (ΧέὲΧνΧὲἆέ

193 799 268 843 vel
300 798 606 843 eiectionibus
639 796 943 841 articulorum
972 798 1079 842 add.
1114 799 1183 842 br.

713 946 845 1001 libri
883 946 1109 1002 secundi
1147 946 1351 1015 Logici.

305 1034 512 1092 (Partis
537 1034 575 1091 I)
602 1032 751 1092 [Oxea
775 1034 868 1092 bc].

369 1092 606 1137 Praefatio
633 1092 815 1149 (epist).

195 1153 228 1198 Ι.
254 1153 322 1197 De
340 1152 490 1196 acutis
507 1151 717 1196 febribus
741 1151 818 1196 vel
839 1151 988 1209 aegri-

257 1210 513 1256 tudinibus

194 1271 250 1316 H.
282 1271 350 1315 De
381 1269 622 1314 freniticis.

193 1330 271 1374 III.
303 1330 371 1374 De
403 1328 687 1385 lethargicis.

193 1389 293 1434 HII.
326 1389 394 1432 De
424 1388 699 1445 pleuriticis.

193 1448 247 1492 X.
280 1448 349 1491 De
378 1446 799 1504 peripleumonicis.

192 1507 267 1551 VI.
301 1507 370 1550 De
403 1506 711 1563 synanchicis.

193 1566 292 1610 VII.
324 1570 393 1609 De
427 1565 744 1622 apoplecticis.

193 1624 314 1669 VIII.
346 1625 415 1668 De
447 1624 780 1680 hydrofobicis.

194 1683 336 1728 VIIII.
369 1684 437 1727 De
469 1684 561 1728 ileo
594 1683 753 1728 colicis
788 1683 946 1729 strofo.

193 1742 247 1787 X.
281 1743 349 1787 De
383 1743 592 1799 spasmis.

191 1802 268 1845 XI.
309 1802 377 1845 De
418 1801 636 1858 satyriasi
674 1802 750 1846 vel
789 1801 987 1858 impedi-

251 1863 408 1904 mento
441 1876 563 1905 usus.

191 1919 291 1963 XII.
340 1919 407 1963 De
447 1919 674 1963 cardiacis
716 1919 797 1975 qui
842 1919 987 1964 etiam

255 1977 531 2022 diaforetici.

197 2036 317 2082 XIII.
348 2038 416 2081 De
448 2037 647 2083 cholera.

195 2096 402 2152 (Partis
418 2096 575 2154 Il)[De
587 2097 861 2154 CronicisB‚
880 2097 987 2141 Cro-

228 2154 309 2198 nia
328 2157 390 2210 bc,
414 2155 544 2198 Libri
560 2156 624 2198 III
644 2157 700 2200 de
717 2156 915 2200 cronicis
926 2157 988 2215 r].

195 2213 252 2270 (I)
283 2213 426 2258 XIIII.
458 2214 527 2258 De
559 2215 777 2270 querellis
804 2215 987 2272 capitis,

196 2272 272 2328 (Π)
303 2272 400 2316 XV.
433 2273 501 2316 De
534 2273 858 2330 epilempticis.

195 2331 293 2387 (III)
324 2331 443 2376 XVI.
476 2332 545 2375 De
579 2333 906 2378 scotomaticiS.

194 2390 315 2447 (1111)
346 2390 486 2435 XVII.
528 2391 596 2435 De
627 2392 957 2437 maenomenis.
1016 2396 1019 2398 '

199 2449 275 2505 (V)
307 2449 471 2494 XVIII.
512 2450 579 2494 De
622 2451 986 2496 melancholicis.

313 2552 365 2609 (Ι)
398 2552 546 2596 acutis
580 2555 650 2599 br:
684 2568 766 2598 om.
786 2556 883 2599 VB.
945 2554 1021 2599 vel
1052 2554 1426 2612 aegritudinibus
1457 2568 1540 2599 om.
1566 2556 1605 2599 b.

195 2608 427 2664 i(y)leodis
469 2613 612 2668 WB),
641 2612 799 2657 iliodis
831 2630 869 2670 r,
901 2613 1041 2670 yleon
1071 2616 1110 2658 b.

903 2673 1042 2730 (XXI)
1074 2674 1122 2717 et
1151 2671 1271 2716 tussi
1302 2673 1408 2718 add.
1434 2674 1473 2717 b.

729 2731 892 2788 (XIIII)
922 2745 1059 2776 novos
1088 2746 1303 2776 numerus
1331 2733 1495 2776 habetat
1523 2744 1579 2775 rc
1604 2733 1717 2784 (non
1749 2730 1873 2786 VB),

491 2786 714 2844 (XXXIII)
744 2791 796 2832 in
825 2792 884 2834 rb
915 2792 1020 2835 add.
1051 2790 1158 2834 XXI
1188 2791 1257 2835 De
1289 2789 1484 2834 cauculo
1515 2788 1809 2844 (adveterato
1827 2790 1872 2845 b)

195 2848 238 2887 et
267 2842 395 2886 XXII
425 2843 494 2887 De
525 2845 927 2891 condolomatibus
959 2855 1037 2894 etc.

196 2667 314 2723 (XII)
340 2668 556 2713 dicuntur
587 2674 691 2716 add.
726 2674 762 2716 b.

197 2725 255 2768 de
288 2728 341 2770 st.
368 2728 566 2781 querelis
600 2731 637 2773 b.

194 2785 345 2828 mallos
376 2787 413 2829 b.

1080 1033 1180 1090 (VI)
1212 1032 1399 1078 XVIIII.
1431 1033 1500 1077 De
1531 1033 1821 1090 paralyticis.

1079 1092 1200 1149 (VH)
1230 1092 1327 1137 XX.
1361 1092 1429 1136 De
1462 1094 1658 1138 catarrO.

1080 1151 1221 1208 (VIII)
1254 1151 1373 1195 XXI.
1404 1151 1475 1195 De
1503 1151 1734 1208 pthisicis.

1079 1210 1243 1268 (VIIII)
1304 1210 1445 1254 XXII.
1508 1211 1576 1255 De
1631 1211 1876 1269 sanguinis

1139 1268 1388 1314 emissione
1419 1269 1709 1316 interiorum.

1078 1328 1155 1385 (X)
1185 1328 1349 1373 XXIII.
1382 1329 1451 1373 De
1485 1329 1723 1386 empyicis.

1077 1387 1176 1445 (XI)
1231 1387 1416 1489 {XIIII
1470 1387 1539 1432 De
1595 1388 1779 1445 syntexi
1827 1391 1876 1433 et

1137 1448 1239 1490 atro
1275 1461 1316 1490 a.

1078 1505 1196 1563 (XII)
1228 1505 1379 1572 XXV.
1408 1505 1478 1549 De
1517 1506 1757 1551 asmaticis
1797 1506 1876 1551 vel

1138 1578 1420 1621 suspiriosis.

1078 1623 1222 1681 (XIII)
1253 1623 1414 1668 XXVI.
1447 1623 1516 1668 De
1549 1624 1760 1681 epaticiS.

1079 1683 1245 1740 (XIIII)
1274 1682 1459 1728 XXVII.
1493 1683 1564 1728 De
1595 1683 1815 1728 ictericis.

1076 1742 1196 1799 (XV)
1226 1742 1434 1786 XXVIII.
1466 1741 1537 1787 De
1569 1742 1843 1800 spleniticis.

1078 1801 1220 1858 (XVI)
1259 1801 1490 1846 XXVIIII.
1529 1802 1599 1846 De
1643 1802 1874 1846 stomachi

1135 1860 1280 1903 variis
1314 1860 1650 1905 accidentibus,

1077 1919 1240 1976 (XVII)
1272 1919 1412 1964 XXX.
1445 1919 1514 1964 De
1545 1919 1801 1965 lumbricis

1076 1978 1261 2035 (XVIII)
1284 1979 1446 2023 XXXI.
1471 1978 1540 2023 De
1567 1979 1873 2035 dysentericis

1136 2037 1213 2082 vel
1244 2037 1515 2082 lientericis.

1077 2096 1262 2154 (XVIII)
1286 2097 1470 2141 XXXII.
1494 2096 1563 2140 De
1586 2097 1872 2154 hydropicis.

1079 2156 1199 2213 (XX)
1222 2156 1430 2201 XXXIII.
1463 2156 1531 2200 De
1554 2169 1719 2200 renum
1741 2156 1873 2200 vitiis

1137 2215 1214 2259 vel
1245 2215 1443 2259 vesicae.

1078 2274 1217 2332 (XXI)
1248 2274 1476 2319 XXXIIII.
1513 2273 1582 2318 De
1615 2273 1873 2318 arthriticis

1137 2333 1407 2390 podagricis
1438 2333 1723 2378 ischiadicis.

1139 2393 1340 2450 [XXXV.
1366 2393 1435 2436 De
1458 2392 1707 2436 mulierum
1729 2392 1873 2436 variis

1196 2451 1508 2508 passionibus.

1709 2552 1871 2610 (VIIII)

1261 2614 1363 2658 colo
1396 2615 1444 2658 et
1475 2612 1619 2657 strofo
1652 2613 1691 2657 b.

1623 2670 1875 2728 (XXVIIII)

1170 2849 1372 2906 (xxxv)
1403 2849 1508 2893 aad.
1536 2848 1641 2892 VB=
1673 2861 1757 2892 om.
1781 2848 1875 2892 rba

191 2927 253 2943 .--
277 2916 362 2959 seq.
393 2904 446 2946 in
476 2917 501 2946 r
519 2905 579 2958 (c)
606 2902 685 2947 lib.
712 2905 789 2960 IV,
822 2908 900 2962 qui
928 2908 1025 2951 sine
1055 2922 1240 2953 numero
1271 2910 1324 2952 in
1351 2908 1446 2952 Bb.
