1950 3172
797 112 1069 158 memus,
1665 108 1770 162 153

93 252 267 320 piendi
313 255 502 318 copiam
547 252 884 318 praebeamus.
961 250 1098 300 cibos
1144 255 1282 315 aptos
1330 248 1578 298 stomacho
1615 252 1772 296 matu-

97 329 257 376 riores
296 333 345 376 et
382 326 618 392 largiores
654 327 881 376 convenit
909 326 1204 373 ministrare.
1267 321 1626 372 declinantibus
1655 335 1772 369 vero

97 399 349 450 doloribus
403 400 636 449 absinthii
687 400 876 465 pontici
929 398 1214 447 decoctione
1267 395 1466 446 iuvandi
1512 401 1639 444 sunt.
1725 399 1774 443 et

97 473 230 523 aloes
266 473 518 538 pulverem
562 475 743 523 ieiunis
773 474 827 521 in
864 471 1064 520 modum
1094 472 1242 520 unius
1282 469 1518 519 coclearis
1549 470 1601 517 in
1636 467 1773 516 meli-

99 553 232 596 crato
288 545 435 613 dabo,
490 546 717 596 similiter
766 547 911 594 etiam
967 550 1016 593 et
1067 545 1253 608 picran.
1331 545 1372 592 si
1418 543 1495 591 his
1542 541 1773 590 adhibitis
1819 550 1843 583 5

100 635 245 669 causa
282 621 523 669 minorata
553 635 652 669 non
683 620 845 684 fuerit,
884 617 1202 666 flebotomum
1234 616 1324 666 sub
1357 618 1552 681 gemina
1586 615 1775 664 detrac-

98 695 231 742 tione
285 691 539 742 adhibebo.
622 694 834 741 vomitus
881 692 953 740 eis
1001 706 1113 739 cum
1166 689 1414 739 radicibus
1467 689 1776 753 frequentius

98 765 372 830 procurabo
381 804 396 831 ,
450 767 598 814 etiam
644 764 912 814 elleborum
958 765 1089 812 inter
1142 763 1278 812 cibos
1328 762 1586 827 aliquando
1637 760 1775 810 dabo.

98 839 447 903 misanthropis
477 853 593 887 vero
619 844 668 887 et
691 838 849 887 adhuc
876 837 1131 885 hominum
1163 838 1446 885 societatem
1477 834 1776 899 fugientibus

98 911 267 976 longas
305 911 469 960 indico
508 913 928 976 peregrinationes
936 949 951 976 ,
991 916 1039 958 et
1078 915 1160 958 aut
1197 911 1385 958 marina
1425 915 1508 958 aut
1538 907 1778 957 naturalia
1802 919 1847 952 10

97 985 288 1034 lavacra
327 984 559 1034 calidiora
599 984 839 1034 exhibebo
879 984 1200 1048 frequentius,

584 1144 767 1193 XVIIII.
815 1144 889 1193 De
928 1144 1297 1209 paralyticis,

247 1233 507 1298 Paralytici
551 1232 718 1281 multis
760 1248 818 1282 ex
870 1234 1030 1281 causis
1070 1233 1206 1281 fiunt.
1285 1233 1467 1281 etenim
1506 1237 1588 1280 aut
1627 1247 1686 1280 ex
1727 1227 1854 1280 se53

102 1307 223 1356 haec
246 1308 410 1371 passio
438 1307 658 1355 nascitur
682 1311 765 1354 aut
794 1305 1202 1370 praecedentibus
1229 1304 1616 1369 aegritudinibus
1649 1319 1779 1353 com-

103 1386 316 1445 paratur.
395 1394 518 1443 quae
559 1381 752 1443 gravior
791 1384 839 1427 et
879 1378 1128 1427 difficilior
1167 1379 1272 1444 fiet,
1317 1394 1410 1442 qua
1451 1378 1509 1426 de
1550 1378 1777 1442 praefati·
1803 1388 1847 1420 15

104 1455 228 1518 gatis
267 1452 554 1517 corporibus
594 1453 924 1515 consequitur.

290 1528 526 1589 ..itaque
567 1527 610 1573 si
650 1525 878 1573 odoratus
918 1524 1163 1588 paralysin
1203 1539 1377 1588 passus
1416 1525 1565 1573 fuerit
1576 1563 1590 1589 ,
1638 1529 1782 1588 caput

106 1601 243 1664 prius
277 1605 352 1648 est
383 1598 760 1663 detondendum‚
800 1597 976 1646 dehinc
1008 1597 1114 1646 oleo
1149 1599 1364 1662 sicyonio
1400 1597 1782 1662 fomentandum‚

105 1671 513 1737 praecedentibus
559 1673 746 1720 interea
792 1670 1132 1719 fricationibus
1172 1671 1433 1720 calentium
1474 1670 1780 1719 sabanorum.

106 1746 184 1794 his
225 1745 505 1794 cucurbitae
537 1751 766 1793 ventosae
808 1749 921 1792 sunt
959 1744 1297 1811 imponendae,
1337 1750 1385 1793 et
1424 1744 1780 1808 apoflegmatis-
1807 1755 1851 1787 20

230 1907 251 1944 1
269 1900 544 1957 prebeamus
560 1914 585 1943 r
609 1900 786 1955 (potum
811 1898 1045 1956 accipiaut
1061 1901 1126 1957 b).
1158 1900 1378 1943 —bemus
1403 1901 1460 1945 B.
1547 1906 1572 1944 3
1596 1900 1658 1942 Et
1681 1899 1783 1943 aloe

110 1962 210 2027 (-0
230 1961 272 2015 b)
289 1959 527 2015 pulverem
542 1959 620 2001 rb:
654 1958 715 2001 Et
733 1958 859 2001 aloes
876 1957 1012 2001 iubeo
1036 1974 1079 2015 p.
1106 1959 1164 2002 Β.
1265 1965 1292 2002 4
1309 1958 1477 2002 ieiunis
1494 1974 1538 2003 r:
1565 1972 1706 2002 —nos
1723 1959 1782 2003 Β.

108 2018 166 2061 4
153 2033 203 2061 111
218 2018 359 2061 modu
383 2032 420 2072 r,
446 2017 497 2060 in
512 2016 643 2059 mods
676 2018 722 2061 b.
748 2016 797 2059 in
811 2016 935 2059 maio
954 2018 1049 2073 (sic)
1067 2018 1112 2060 Β
1126 2019 1246 2074 (item
1262 2017 1368 2061 Neu
1375 2021 1421 2074 l.)
1515 2021 1539 2060 5
1564 2017 1687 2061 dabo
1703 2019 1784 2062 rb:

111 2076 320 2133 accipere
344 2076 403 2120 B.
504 2074 728 2118 Similiter
759 2074 901 2118 etiam
933 2077 979 2118 et
1008 2075 1144 2132 pigra
1176 2077 1222 2129 b,
1256 2075 1480 2120 Similiter
1510 2076 1646 2133 pigra
1668 2091 1693 2119 r
1710 2077 1783 2131 (cf.

108 2139 151 2190 2,
185 2133 551 2236 92).1ἓ11111111301·
583 2132 725 2176 etiam
764 2133 909 2177 ieram
940 2147 1080 2189 quam
1109 2134 1294 2191 pigram
1323 2137 1503 2179 veteres
1544 2134 1788 2192 appellant

113 2196 176 2249 (2,
200 2193 354 2249 46)Β
461 2199 484 2236 7
519 2191 751 2235 adhibebo
785 2193 832 2236 b.
863 2192 1009 2236 —beo
1040 2194 1132 2237 rB.
1222 2193 1425 2237 vomitus
1445 2195 1538 2238 rB.
1564 2195 1719 2236 -tum
1746 2194 1784 2238 b.

111 2266 217 2296 cum
246 2252 339 2295 rB:
372 2264 427 2294 ex
459 2252 497 2295 b.
708 2254 732 2292 9
763 2250 1073 2307 Misantropes
1104 2252 1164 2307 Β,
1195 2251 1509 2309 Misandropis
1542 2254 1584 2307 b,
1612 2251 1786 2295 Miran-

110 2309 258 2366 tropis
289 2325 326 2354 r.
429 2309 572 2352 h01n[1
605 2310 651 2353 b:
684 2308 889 2352 omnium
916 2309 1090 2365 (omniu
1114 2287 1174 2366 Β,
1207 2310 1332 2354 omisi
1363 2313 1404 2367 r)
1435 2312 1521 2355 rB.
1643 2309 1786 2353 socie-

111 2370 260 2412 tatem
289 2367 385 2425 fug
417 2369 498 2412 rb:
530 2367 614 2424 fug
583 2383 625 2424 g.
660 2381 750 2411 soe.
783 2368 840 2412 Β.
965 2374 1019 2412 10
1049 2367 1205 2412 indico
1236 2370 1341 2424 Bb,
1373 2369 1528 2413 iudico
1556 2384 1591 2414 r.
1706 2369 1788 2412 sed

114 2429 161 2471 et
190 2425 396 2470 maxima
428 2427 510 2469 aut
538 2425 775 2469 naturalia
805 2426 994 2469 lavacra
1022 2427 1222 2471 concedo
1252 2426 1405 2470 lavari
1434 2427 1722 2483 frequentius
1747 2428 1786 2472 b.

116 2490 169 2530 12
201 2485 269 2529 De
301 2484 542 2541 paralisin.
567 2484 643 2528 VI.
668 2499 705 2539 r,
738 2484 806 2527 De
836 2484 1109 2541 paraliticis.
1142 2485 1327 2529 XVIIII.
1360 2487 1406 2529 Β
1431 2488 1489 2542 (et
1517 2501 1550 2531 s
1582 2501 1627 2531 n.
1661 2488 1716 2543 b).

115 2550 170 2588 13
203 2545 262 2598 cf.
298 2543 413 2588 Cael.
447 2544 538 2588 chr.
568 2546 679 2596 2,1.
832 2556 887 2586 ex
917 2543 1048 2600 pced.
1081 2559 1118 2588 r.
1283 2548 1336 2587 15
1370 2547 1482 2600 qua.
1515 2558 1635 2601 quae
1664 2545 1786 2590 er.

115 2618 158 2658 q.
207 2603 265 2645 de
310 2601 505 2658 prefatis
545 2603 640 2658 (sic)
682 2615 718 2646 0.
767 2601 1064 2656 consequitur
1101 2602 1169 2656 Β,
1217 2617 1260 2658 q.
1299 2603 1549 2661 pfatigatis
1596 2617 1634 2649 0.
1681 2617 1788 2647 0011-

117 2660 326 2729 sequitur
357 2662 402 2705 b.
435 2674 477 2715 q.
510 2659 809 2716 profatigatis
841 2673 878 2704 0.
913 2660 1207 2717 superveniet
1236 2676 1274 2706 r.
1390 2667 1443 2705 17
1476 2662 1695 2706 odoratus
1713 2664 1786 2719 (?):

114 2721 180 2763 sic
210 2720 324 2785 er·
340 2719 455 2775 (θεῖ.
487 2718 637 2784 Neu..)
669 2720 726 2773 ef.
763 2718 877 2763 Cael
912 2720 1001 2764 chr.
1033 2725 1088 2775 2,
1122 2723 1163 2764 7.
1189 2724 1248 2764 37
1281 2721 1382 2777 (qui
1418 2723 1538 2766 inter
1580 2720 1789 2778 singulas

113 2778 272 2834 partes
310 2776 360 2820 in
397 2775 614 2833 passione
653 2777 931 2820 constitutas
970 2791 1070 2822 cwm
1106 2779 1262 2823 multis
1299 2780 1410 2824 aliis
1446 2781 1685 2825 odoratum
1720 2794 1788 2825 re-

116 2838 288 2892 censet).
321 2837 483 2901 itaque
506 2836 563 2880 ab
593 2836 728 2880 initio
757 2837 831 2880 hic
860 2837 1138 2882 intercidisse
1166 2838 1306 2893 plura
1333 2839 1556 2884 videntur.
1653 2853 1789 2896 para-

116 2893 229 2938 lisin
258 2895 319 2951 Β,
350 2892 509 2937 -lisis
539 2908 578 2951 r,
610 2907 666 2938 ex
694 2893 890 2951 paralisi
920 2896 959 2940 b.
1080 2900 1137 2940 20
1167 2895 1240 2940 his
1270 2898 1462 2943 ventose
1485 2900 1585 2956 (om.
1617 2900 1732 2955 cuc.)
1750 2899 1788 2944 b.
