1988 3184
697 136 964 185 EPITOM'E
994 142 1243 186 ALTERA.
1711 140 1820 194 479

134 272 323 329 branas,
357 274 675 329 sparguntque
705 285 789 329 per
819 271 1052 316 intextum
1091 287 1206 331 opus
1239 273 1460 330 dilatum,
1498 273 1819 330 liquoremque

16 375 17 390 ,
62 351 69 355 ··
133 338 352 383 multum-
365 352 461 383 non
492 338 771 395 apparentia
795 338 1010 383 exibiunt
1038 338 1272 383 foramina
1293 339 1490 384 trahunt
1511 339 1563 383 in
1584 339 1818 384 vissicam.

16 407 18 445 l
56 407 78 457 J.
135 407 185 449 et
214 405 323 450 ideo
361 405 613 462 unicuique
651 407 864 450 nostrum
901 419 1007 448 cum
1042 404 1323 462 perfrixerit,
1355 405 1645 462 frequentior
1682 405 1819 449 urina

59 469 83 495 “«
135 471 413 527 exprimitur
442 471 726 516 consertatio
758 471 844 515 illa
873 471 1262 529 membranorum,
1303 471 1473 528 quibus
1503 474 1715 529 potestas
1747 473 1820 516 est

36 562 49 575 ,ι
132 537 380 582 relaxandi
418 539 467 582 et
505 537 824 582 contrahendi.
870 537 1033 593 itaque
1073 538 1154 594 qui
1191 538 1364 595 frigore
1404 538 1563 594 aliquo
1609 537 1819 595 percussi

134 606 257 660 sunt,
283 603 504 648 continuo
531 603 824 660 stringuntur
845 603 896 647 in
913 617 976 660 se,
1010 607 1356 661 angustatoque
1381 604 1586 661 corporis
1612 604 1819 661 spatium

134 683 318 714 omnem
358 670 589 726 liquorem
636 669 903 716 infundunt.
952 670 1035 714 sed
1079 670 1257 714 malum
1295 670 1482 728 signum
1529 672 1601 715 est
1648 670 1819 727 exigua

15 734 51 770 f„
131 736 332 780 meando
371 735 536 781 libido.
576 749 687 793 ergo
727 738 870 793 caput
907 736 1076 780 vissice
1117 737 1391 780 descensum
1430 736 1503 780 sui
1543 736 1818 781 comminuit

44 808 78 839 83

45 843 78 861 κ

2 890 4 949 J
43 889 77 924 b

18 1844 75 1904 ³²4

43 1875 116 1987 ‘⁴{

39 1942 75 1990 >¹

101 810 119 920 {

132 800 183 844 in
214 801 366 859 ipsam
395 801 604 846 radicem
626 802 798 847 veretri
828 804 1016 859 pareter
1047 816 1152 846 cum
1183 802 1556 847 cremasteribus.
1588 803 1676 847 hoc
1710 805 1818 846 sunt

131 868 264 912 nervi
295 869 377 924 qui
407 868 652 913 testiculos
683 871 892 925 portant,

1863 549 1884 582 5

1840 880 1883 912 10

246 935 332 978 Est
363 937 412 979 et
443 934 539 978 alia
569 934 742 979 vissica
772 934 913 992 plena
945 934 1071 991 felle,
1104 934 1185 990 qui
1216 934 1266 978 in
1298 937 1434 991 epate
1477 935 1680 991 ponitur.
1727 949 1816 990 que
1872 1001 1877 1005 Ι

4 983 51 1062 ζ
130 999 511 1044 febricitantibus
543 999 729 1044 urinam
758 999 926 1043 ruffam
955 1000 1160 1057 tingunt.

675 1089 880 1133 XXVIII.
913 1088 988 1132 De
1020 1091 1260 1134 veretro.

246 1155 492 1199 Veretrum
522 1156 595 1200 est
626 1154 905 1212 oblongum,
936 1157 1107 1199 natura
1137 1170 1408 1211 nervosum,
1448 1155 1704 1199 forinsecus
1737 1168 1814 1199 ve-

130 1235 309 1277 nosum,
326 1222 596 1265 membrano
622 1223 892 1277 coopertum
915 1221 1186 1279 fortissimo⁷
1211 1223 1390 1266 habens
1415 1222 1620 1266 fistolam
1635 1224 1814 1265 rectam

130 1287 180 1330 in
211 1286 366 1331 medio
407 1288 467 1331 ab
506 1287 644 1331 initio
683 1301 829 1342 usque
873 1288 934 1331 acl
974 1302 1216 1332 summum.
1256 1301 1478 1332 cacumen
1510 1287 1610 1331 eius
1644 1287 1815 1330 dicitur

132 1353 294 1397 caulus
329 1353 426 1397 sive
459 1353 632 1397 dartus.

632 1440 858 1486 XXVIIII.
892 1441 967 1485 De
999 1442 1309 1486 testiculis.

250 1507 475 1551 Testiculi
507 1507 743 1552 coniuncti
776 1509 884 1551 sunt
916 1522 1004 1552 ano
1045 1511 1092 1552 et
1130 1511 1334 1564 veretro,
1378 1509 1606 1552 habentes
1639 1508 1689 1550 in
1719 1521 1813 1551 me-

1839 1230 1881 1263 15

132 1574 262 1617 dium
291 1588 498 1630 nervum,
531 1574 612 1629 qui
644 1587 722 1618 eos
754 1577 954 1630 separat.
989 1575 1184 1619 abscisis
1216 1575 1377 1630 itaque
1408 1574 1641 1618 testiculis
1674 1588 1812 1630 gene·
1837 1581 1880 1614 20

130 1640 267 1684 randi
303 1640 452 1685 virtus
494 1641 771 1696 denegatur,
811 1639 924 1695 quia
961 1641 1193 1685 foramina
1233 1643 1513 1699 (ne)rvorum
1553 1640 1812 1697 alligantur

131 1707 258 1762 quod
290 1707 352 1750 ad
385 1705 741 1762 dispositionem
770 1706 1109 1751 interaniorum
1139 1707 1324 1751 finitum
1355 1710 1469 1751 erat.

772 1794 912 1840 XXX.
945 1796 1021 1839 De
1054 1810 1168 1841 ano.

248 1861 404 1904 Anum
436 1861 562 1917 apud
592 1874 754 1917 grecos
786 1861 946 1905 multis
970 1861 1237 1906 nominibus
1262 1862 1560 1905 vocaverunt.
1594 1862 1665 1904 est
1689 1859 1814 1903 enim

130 1925 284 1983 ipsum
315 1926 592 1971 intestinum
622 1927 884 1984 palmorum
914 1928 1070 1984 trium,
1104 1930 1151 1971 et
1182 1928 1241 1971 ab
1274 1927 1377 1984 ipso
1410 1940 1567 1971 omnes
1599 1925 1813 1971 intestini

130 1993 375 2050 incipiunt.

251 2108 273 2146 1
310 2118 400 2162 que
437 2105 491 2149 G.
548 2077 550 2079 Ι
643 2104 929 2160 loquoremq3
963 2104 1016 2147 P.
1141 2108 1166 2146 2
1199 2104 1445 2160 aparentia
1476 2105 1531 2149 P.
1684 2103 1811 2148 exhi-

129 2164 276 2207 beunt
303 2163 356 2206 G.
451 2165 613 2207 traunt
640 2163 694 2207 G.
795 2162 865 2206 'in
895 2161 1076 2206 vessica
1110 2162 1165 2207 G.
1287 2168 1312 2206 3
1336 2165 1547 2207 nostrum
1574 2163 1628 2219 G,
1652 2168 1731 2205 ffffi
1756 2163 1808 2206 P.

130 2220 420 2276 fiequentius
457 2222 510 2266 G.
633 2226 662 2265 4
693 2221 978 2266 consertatio
1003 2222 1076 2266 hic
1110 2221 1172 2266 G:
1206 2221 1499 2266 conservatio
1532 2222 1585 2266 P.
1683 2226 1708 2264 6
1740 2220 1809 2263 in-

131 2294 243 2324 scan
332 2282 616 2336 gustatoque
651 2283 771 2336 (cum
803 2282 925 2336 albo)
956 2280 1009 2325 G.
1164 2279 1375 2336 spacium
1406 2282 1459 2325 P.
1584 2286 1607 2323 7
1641 2279 1810 2336 exigua

131 2338 281 2383 eando
318 2339 372 2382 G.
494 2343 521 2382 8
555 2353 641 2396 ego
677 2339 731 2383 G.
853 2338 1022 2399 vissice
1060 2339 1114 2383 G.
1238 2338 1494 2383 discessum
1528 2339 1582 2383 G.
1678 2344 1704 2382 9
1727 2352 1810 2395 pa-

0 2427 1 2434 *
30 2431 36 2448 ι
128 2403 202 2457 ret
233 2411 443 2469 (pariter)
476 2412 538 2457 P:
569 2414 760 2468 paretur
794 2412 848 2456 G.
973 2416 1026 2455 11
1058 2413 1131 2457 hie
1154 2411 1201 2455 P
1224 2413 1356 2457 habet
1384 2413 1520 2457 inser.
1552 2410 1811 2455 XXXVIIII

30 2450 33 2455 .
72 2485 73 2489 ¹
131 2473 234 2528 (sic)
268 2471 336 2515 De
370 2473 671 2515 cremasteres
706 2474 839 2528 (quae
870 2472 933 2515 ad
958 2472 1121 2527 priora
1145 2472 1374 2528 pertinet),
1406 2470 1516 2514 Alia
1546 2470 1719 2514 vissica
1755 2470 1807 2514 G.

0 2525 1 2530 ¹
63 2555 70 2574 .
131 2535 184 2574 11
219 2543 339 2586 quae
375 2530 429 2574 G.
524 2535 578 2574 12
609 2529 777 2574 ruffam
807 2530 871 2574 P:
904 2528 1067 2586 fugam
1101 2530 1154 2574 G.
1264 2534 1318 2573 13
1349 2529 1476 2572 XXX
1508 2530 1555 2572 P
1583 2532 1812 2585 (numeros

5 2607 7 2611 ⁴
128 2595 278 2634 textus
309 2603 365 2633 ex
394 2590 545 2634 iwdice
575 2604 704 2646 capp.
731 2588 923 2643 correxi,
952 2590 1009 2643 cf.
1043 2602 1186 2645 supra
1216 2590 1278 2633 acl
1308 2603 1344 2633 c.
1368 2591 1432 2633 27
1461 2603 1501 2633 v.
1527 2592 1619 2644 11).
1741 2588 1811 2631 De'

39 2641 68 2684 ²¹
128 2650 364 2693 veretrum
398 2647 453 2692 G.
577 2652 633 2691 14
665 2647 869 2704 oblonga
904 2646 960 2692 G.
1080 2646 1387 2691 fortissimum
1413 2647 1468 2691 G.
1565 2647 1734 2691 habet
1754 2647 1808 2691 G.

42 2707 66 2734 ⁷³3
131 2712 185 2751 17
221 2706 382 2749 dartus
418 2706 480 2752 G:
515 2707 656 2750 durus
689 2707 742 2751 P.
879 2709 934 2749 18
966 2705 1115 2749 XXXI
1146 2707 1199 2751 P.
1334 2710 1387 2749 19
1421 2719 1510 2750 ano
1538 2706 1544 2765 Ι
1573 2705 1718 2763 (&?)q.
1751 2719 1809 2749 ue

47 2766 75 2775 '‘
130 2767 178 2810 et
208 2766 392 2809 veretro
424 2765 478 2822 P,
512 2779 601 2809 ano
634 2765 731 2810 sive
762 2766 944 2810 veretro
965 2764 1020 2809 G.
1130 2770 1186 2810 20
1217 2765 1437 2810 nervium.
1456 2765 1514 2809 P.
1637 2779 1726 2821 que
1754 2764 1809 2810 G.

219 2825 443 2881 separant
467 2824 546 2869 G..
644 2829 699 2868 21
734 2826 1013 2881 (ne)rvorum
1045 2824 1106 2868 P:
1140 2823 1245 2868 nari
1279 2825 1334 2870 G.
1456 2823 1723 2881 allegantur
1753 2824 1807 2868 P.

83 2856 85 2858 -
128 2887 185 2927 22
218 2883 308 2926 erit
343 2882 397 2927 G.
479 2887 535 2926 23
565 2883 740 2927 XXXII
770 2883 839 2928 P..
931 2882 1000 2926 De
1032 2896 1173 2927 anum
1207 2883 1260 2928 G.
1355 2888 1380 2926 2
1413 2884 1528 2940 aput
1557 2897 1722 2940 grecus
1754 2883 1808 2927 P.

88 2995 90 2997 ¹
127 2943 324 2986 vocatur
351 2941 405 2986 G.
529 2946 583 2985 25
611 2941 770 2999 palma
797 2942 851 2987 G.
973 2943 1125 2985 treum
1142 2943 1195 2987 P.
1341 2947 1416 2986 offi
1433 2943 1494 2988 P:
1527 2942 1733 2986 omnium
1753 2941 1807 2986 G.

1837 1934 1879 1967 25
