1950 3172
148 124 228 190 IV
284 192 290 196 .

159 263 268 313 dice
299 262 446 329 hono,
484 263 634 311 immo
668 263 888 311 omnium
921 263 1006 326 qui
1037 265 1204 310 extant
1236 262 1279 310 si
1310 275 1410 309 non
1444 259 1648 310 meliore
1679 267 1847 310 tamen

160 337 383 403 pleniore
417 351 573 401 eoque
607 337 676 385 ita
699 341 923 385 uteretur
953 340 1008 384 ut
1039 336 1138 383 nisi
1165 334 1400 400 prudenti
1432 333 1638 384 consilio
1675 350 1846 400 quam-

160 413 234 460 vis
280 412 428 460 tacito
469 426 496 459 a
533 410 698 460 verbis
753 410 967 459 auctoris
1013 408 1209 458 traditis
1263 408 1367 457 fere
1420 423 1520 457 non
1573 408 1847 475 recederet,

160 485 255 534 hoc
293 486 444 549 igitur
491 486 605 548 quia
643 483 832 532 lacunis
878 482 975 531 late
1021 482 1304 547 patentibus
1351 481 1576 547 libroque
1623 497 1724 532 uno
1771 484 1847 532 in-

161 564 300 623 tegro
349 559 532 607 omisso
585 556 813 606 mutilum
859 556 1111 606 videretur
1151 562 1200 606 et
1245 571 1421 621 parum
1459 556 1602 622 utile,
1640 572 1755 605 mox
1794 558 1848 605 in

164 631 462 681 oblivionem
502 632 670 680 datum
709 636 784 680 est
823 636 872 679 et
911 632 1163 680 rarissime
1204 645 1336 679 nunc
1374 632 1635 696 reperitur.
1677 635 1848 680 contra

160 705 462 755 Heremanni
507 705 646 754 labor
690 710 1037 753 monstruosus
1091 710 1236 769 atque
1292 720 1352 753 ex
1408 704 1591 769 duplici
1641 704 1848 769 perfidia

162 786 328 846 natus7
382 785 438 828 ut
493 781 579 844 qui
633 779 803 828 doctae
859 778 1044 827 53001111
1082 778 1171 827 XII
1219 777 1447 827 licentiae
1495 784 1639 843 atque
1694 794 1845 827 vanae

89 908 91 911 ,
164 855 474 902 coniecturae
514 855 671 918 ipsius
720 853 980 902 arbitrium
1028 858 1417 919 superstrueret,
1463 867 1734 918 perennem
1774 854 1848 901 111-

162 930 339 976 merito
380 929 671 976 memoriam
708 933 881 976 113οῐ115
921 932 1011 993 est,
1051 942 1164 976 cum
1195 929 1248 975 in
1279 926 1503 976 Aldinam
1540 926 1849 975 medicorum

164 1001 503 1050 collectionem
543 1002 777 1050 transiret
816 999 1043 1049 omnihus
1082 1006 1248 1050 notam
1288 1007 1337 1049 et
1374 1016 1470 1050 usu
1508 1000 1715 1050 facilem.

314 1075 491 1124 Codice
532 1090 652 1124 usus
693 1083 769 1123 est
806 1074 1146 1124 Heremannus
1186 1090 1285 1123 uno
1327 1075 1453 1141 5010,
1506 1090 1651 1139 quem
1692 1074 1751 1123 ad
1791 1074 1849 1123 11-

165 1149 324 1198 hitum
365 1151 592 1215 correxit,

312 1218 362 1271 B
390 1246 459 1262 =
484 1222 873 1272 Bruxellensi
910 1238 987 1271 no,
1025 1219 1318 1272 1342—50
1357 1222 1561 1272 membr.
1603 1222 1681 1271 fol.
1724 1238 1849 1271 saec.

165 1291 291 1362 XH27
331 1297 390 1346 de
432 1312 527 1361 quo
567 1296 653 1346 ubi
685 1296 937 1346 Aurelium
971 1291 1025 1364 (i.
1060 1312 1099 1345 0.
1133 1291 1475 1365 Aurelianum)
1510 1296 1664 1346 edidit
1702 1296 1851 1345 verba

166 1371 284 1420 fecit
322 1370 622 1435 Daremberg
655 1365 846 1439 (1311115,
887 1370 1073 1419 Ztschr.
1107 1371 1137 1420 f.
1171 1370 1343 1420 Gesch.
1378 1371 1466 1419 der
1496 1370 1710 1420 Medicin
1740 1376 1772 1419 t.
1806 1369 1851 1418 ΙΙ

165 1444 318 1493 Bresl.
354 1439 537 1512 1847)
585 1446 745 1494 fuerat
782 1444 864 1493 ille
901 1444 1059 1510 „liber
1100 1447 1258 1494 sancti
1295 1444 1636 1509 panthaleonis
1676 1446 1728 1493 in
1762 1444 1852 1494 Co-

166 1515 328 1567 lonia“
367 1513 422 1586 (f.
452 1514 556 1586 1³),
603 1535 663 1567 ex
712 1534 868 1583 eoque
918 1520 1003 1582 qui
1050 1517 1239 1567 Octavii
1277 1518 1533 1568 Horatiani
1580 1534 1762 1567 nomen
1801 1520 1853 1566 in

168 1592 327 1641 fronte
367 1607 496 1641 unus
537 1594 678 1659 gerit⁷
720 1593 999 1657 descriptus
1043 1594 1148 1641 sine
1189 1591 1338 1641 dubio
1378 1593 1471 1641 fuit
1512 1591 1639 1641 liber
1679 1593 1854 1641 eodem

166 1668 365 1715 nomine
392 1673 654 1731 corruptus
689 1667 838 1715 chart.
874 1682 997 1715 saec.
1024 1666 1107 1714 XV
1137 1666 1366 1731 Phillipp.
1407 1682 1485 1715 110.
1506 1663 1666 1732 3701,
1705 1681 1852 1731 quem

169 1756 280 1789 cum
342 1740 465 1789 alius
527 1756 658 1790 nunc
714 1741 868 1789 codex
925 1742 977 1789 in
1034 1741 1246 1789 eundem
1300 1755 1563 1790 numerum
1618 1741 1853 1790 suffectus

168 1820 372 1880 prostet,
413 1814 752 1864 Cheltenhami
791 1815 974 1863 frustra
1014 1830 1052 1863 3.
1089 1812 1228 1865 1887
1272 1817 1377 1879 ipse
1418 1816 1668 1879 requisivi.
1715 1816 1851 1879 prin-

169 1890 353 1952 cipium
394 1894 556 1938 autem
597 1888 904 1938 Coloniensis
943 1888 1059 1937 libri
1105 1905 1217 1937 cum
1270 1889 1527 1938 confusum
1574 1890 1853 1954 reperiatur

171 1977 283 2010 cum
315 1962 462 2011 alieni
496 1965 660 2027 operis
693 1963 981 2028 fragmento,
1019 1965 1071 2011 in
1103 1963 1251 2012 alieni
1283 1965 1498 2012 auctoris
1530 1978 1711 2012 nomen
1742 1964 1852 2011 uni-

170 2051 367 2084 versum
408 2052 530 2101 opus
570 2039 780 2085 traxisse
820 2037 1027 2086 videtur.
1073 2039 1257 2086 etenim
1297 2038 1325 2086 f.
1363 2032 1420 2086 lb
1457 2036 1737 2103 „Incipiunt
1777 2051 1854 2085 ca-

170 2109 323 2173 pitula
362 2109 477 2159 libri
517 2112 667 2175 primi
705 2110 866 2174 logici.
903 2108 909 2176 Ι
946 2113 1121 2160 octavii
1170 2113 1386 2160 oraciani
1433 2111 1492 2160 ad
1516 2113 1854 2176 ,euporistum

317 2214 382 2280 „L
423 2213 499 2262 De
540 2215 876 2278 incipiente
919 2220 1081 2263 secta
1120 2210 1500 2264 medicinae.“
1558 2255 1560 2257 .

317 2287 405 2354 „IL
444 2287 624 2352 Incipit
662 2288 869 2352 prefatio
909 2287 1024 2336 libri
1065 2285 1351 2353 sequentis“
1389 2283 1518 2357 (scil.
1558 2288 1857 2337 Theodori

469 2364 659 2425 prima
696 2357 1097 2430 „Nuperrime“).'

319 2434 428 2501 „HL
469 2435 648 2499 Incipit
685 2436 893 2500 prefatio
935 2439 1098 2500 operis
1140 2433 1425 2501 sequentis“
1464 2431 1592 2506 (scil.
1630 2435 1716 2501 „Si
1753 2449 1856 2482 me-

469 2505 662 2558 dicina“
687 2549 696 2558 .
724 2549 733 2558 .
761 2549 770 2558 .
796 2509 1042 2558 Theodori
1083 2505 1336 2578 secunda).

321 2581 451 2647 „IIIL
492 2583 562 2632 De
602 2583 953 2632 infectionibus
993 2581 1312 2648 capillorum“

744 2663 834 2706 etc.
874 2673 1031 2722 usque
1072 2658 1131 2706 ad
1172 2674 1273 2723 cap.

321 2726 558 2793 „XXXVL
598 2729 666 2777 De
706 2728 1078 2780 loxationibus“.

324 2850 437 2910 post
460 2845 675 2894 indicem
702 2840 837 2894 f.1b2
854 2841 928 2914 (et
950 2854 1062 2911 post
1085 2851 1150 2897 in.
1170 2843 1284 2916 001.)
1311 2825 1586 2910 sequitur
1616 2843 1858 2894 rubrica

174 2919 384 2990 „Incipit
430 2918 558 2967 liber
603 2920 793 2983 primus
852 2919 1040 2983 logicus
1096 2923 1272 2971 octavii
1325 2920 1542 2968 oraciani
1595 2917 1654 2967 ad
1708 2933 1858 2983 eupo-
