1988 3184
190 127 300 180 328
743 94 1319 170 Peenno-monem
1344 98 1348 101 ¹

189 260 372 317 vinum,
417 261 465 304 et
501 259 573 303 ita
620 257 756 302 dabis
802 257 1005 301 maxime
1057 257 1277 302 euntibus
1327 258 1596 306 dormitum.
1643 263 1692 305 et
1737 261 1884 309 aforis
1903 267 1935 287 ·’

192 326 558 384 cataplasmabis
595 323 832 381 palmulas
872 323 923 367 in
968 323 1079 367 vino
1121 324 1338 368 decoctas
1379 327 1428 370 et
1471 326 1599 371 mala
1646 327 1887 375 silvestria

193 393 422 449 similiter,
455 391 643 436 adiecta
674 390 828 434 farina
862 390 919 434 de
942 404 1066 447 pane
1095 391 1411 436 transmarino
1441 392 1519 437 vel
1551 394 1610 438 de
1642 408 1796 451 oryza.
1835 391 1885 440 et
1929 388 1955 434 it,

192 460 339 505 alium
377 460 561 503 coctum
600 457 650 500 in
689 456 829 501 melle
878 457 1152 513 manducet,
1198 460 1246 502 et
1283 457 1455 502 vitium
1494 460 1642 519 sedat.
1689 460 1886 505 feniculi
1952 455 1956 499 Ῑ

146 538 168 572 5
193 540 350 571 66111611
379 524 546 569 tritum
575 523 627 567 in
656 524 766 568 vino
800 526 884 568 aut
915 537 1039 579 aqua
1070 522 1209 568 bibat
1222 561 1233 580 ,
1274 526 1321 568 et
1350 525 1582 570 vomitum
1613 526 1805 584 stringit
1836 529 1886 571 et
1959 571 1962 578 ,

191 591 409 636 nausiam
440 590 588 634 sedat.
632 589 837 645 pectoris
878 589 1088 633 dolorem
1128 591 1175 634 et
1205 590 1397 648 linguae
1427 592 1590 649 tolles,
1630 592 1671 636 si
1699 594 1886 637 nastur-
1960 594 1967 610 ⁷

193 659 316 702 cium
346 657 543 701 herbam
574 669 631 699 ex
663 670 787 711 aqua
820 656 1063 700 decoctam
1098 657 1235 713 potui
1275 657 1425 703 dabis,
1474 659 1671 703 herbam
1700 661 1886 703 nastnr-
1967 690 1981 714 s.

193 726 317 770 cium
349 739 405 769 ex
435 724 560 768 lacte
593 723 784 780 caprino
819 724 1063 768 decoctam
1086 722 1238 779 bibat,
1269 723 1447 767 bonum
1469 727 1552 770 est.
1603 724 1886 770 cruditatem

191 791 330 836 tolles
362 790 538 847 piperis
573 792 621 834 et
653 789 802 847 puleii
833 789 937 846 pari
967 789 1173 846 pondere
1206 804 1312 832 cum
1342 790 1452 834 vino
1484 793 1665 848 potato.

127 871 168 902 10
310 857 393 901 Ad
432 871 525 901 eos
565 856 662 912 qui
703 856 890 900 cibum
928 870 1039 899 non
1080 855 1370 912 digerunt,
1413 858 1475 901 ad
1513 857 1808 902 inflationem
1839 859 1888 902 et

193 926 255 969 ad
286 924 442 968 colum
478 923 576 967 tale
615 923 761 967 facies
802 922 1090 979 oxyporium.
1140 925 1182 975 Bt
1220 922 1396 978 piperis
1430 923 1649 984 <grana>
1682 925 1790 981 XII,
1830 923 1888 967 li-

192 990 365 1047 gustici
398 989 588 1034 seminis
611 999 672 1037 ÷
693 990 802 1044 IIII,
835 988 1112 1045 petroselini
1139 989 1432 1033 macedonici
1454 1001 1515 1038 ÷
1538 991 1626 1034 IIII
1651 991 1701 1047 S,
1734 989 1888 1046 thymi

191 1068 246 1105 -ζ-
274 1057 310 1111 I,
343 1056 517 1112 cymini
547 1067 607 1104 -ζ-
630 1056 673 1111 I,
713 1055 861 1111 puleii
901 1055 1071 1112 acapni
1104 1055 1341 1112 annotini,
1382 1058 1570 1100 mentae
1603 1071 1695 1100 ana
1725 1068 1785 1105 ÷
1806 1057 1886 1101 111.

195 1123 351 1167 omnia
382 1123 432 1166 in
462 1122 704 1179 pulverem
727 1122 922 1165 redacta
954 1136 1060 1165 cum
1090 1122 1230 1166 melle
1263 1122 1473 1180 colliges,
1507 1126 1555 1167 et
1586 1123 1744 1168 uteris.

129 1199 171 1232 15
315 1189 513 1233 Coi-dis
555 1188 808 1231 dolorem
847 1191 902 1232 et
940 1188 1410 1245 praecordiorum
1449 1190 1693 1247 emendas,
1736 1190 1775 1233 si
1807 1204 1886 1234 cor

193 1256 429 1313 pullinum
461 1255 635 1298 siccum
661 1258 691 1301 3
717 1256 738 1298 1
768 1255 903 1311 piper
928 1263 959 1305 3
985 1256 1006 1298 1
1037 1255 1088 1298 in
1118 1255 1229 1299 vino
1261 1255 1411 1299 bibat.
1446 1256 1704 1300 cucumeris
1730 1271 1889 1301 semen

196 1324 244 1366 et
276 1321 433 1365 salicis
468 1335 625 1365 semen
664 1324 711 1365 et
748 1321 925 1378 piperis
966 1335 1115 1378 grana
1145 1322 1224 1364 XL
1257 1321 1397 1365 simul
1430 1324 1664 1378 conteres,
1706 1325 1754 1367 et
1785 1337 1891 1366 cum

194 1388 304 1432 vino
338 1388 437 1431 afro
469 1388 627 1431 ieiuno
659 1402 743 1444 per
772 1387 983 1431 triduum
1012 1387 1148 1444 potui
1182 1387 1331 1433 dabis.
1378 1388 1554 1432 herbae
1586 1389 1697 1433 bliti
1730 1404 1891 1433 sucum

194 1468 279 1511 per
311 1454 410 1497 dies
443 1456 668 1509 quattuor
690 1454 825 1510 potui
859 1454 983 1510 dato,
1017 1454 1193 1498 bonum
1218 1457 1302 1499 est.
1335 1469 1473 1499 mane
1504 1455 1688 1499 ieiunus
1719 1469 1892 1512 panem

130 1536 172 1567 20
198 1534 336 1577 super
390 1521 614 1564 carbones
669 1522 835 1577 tostet,
890 1520 941 1563 in
980 1520 1089 1564 vino
1131 1520 1231 1564 afro
1275 1520 1484 1564 infusum
1535 1523 1789 1566 manducet
1844 1524 1892 1566 et

198 1587 426 1630 diastema
459 1586 632 1643 faciat,
664 1587 911 1631 miraberis
945 1586 1174 1632 effectum.
1222 1588 1311 1631 hoc
1351 1590 1399 1631 et
1438 1588 1710 1644 spleniticos
1743 1590 1888 1633 curat.

197 1669 336 1698 ovum
361 1654 555 1697 crudum
587 1667 644 1697 ex
674 1668 768 1697 una
798 1656 934 1710 parte
969 1654 1122 1710 aperis
1156 1656 1203 1697 et
1235 1668 1458 1709 evacuas,
1500 1656 1548 1698 et
1586 1654 1753 1711 imples
1786 1669 1892 1698 cum

195 1720 312 1764 lotio
359 1719 493 1776 pueri
535 1719 732 1776 virginis
774 1719 999 1775 admixto,
1028 1722 1033 1777 1
1065 1723 1127 1777 (p.
1146 1724 1255 1776 119)
1291 1723 1338 1764 et
1375 1720 1510 1777 potui
1551 1721 1676 1766 dato.
1724 1721 1813 1765 hoc
1845 1723 1894 1765 et

198 1787 413 1830 ardorem
468 1786 849 1842 praecordiorum
898 1789 1036 1830 sanat
1096 1789 1143 1830 et
1190 1787 1444 1831 lumbricos
1498 1787 1686 1832 occidit.
1749 1788 1892 1832 bacas

132 1866 174 1899 25
198 1853 321 1896 lauri
344 1853 410 1896 III
440 1852 491 1895 in
521 1853 631 1896 vino
665 1855 822 1896 coctas
855 1853 995 1896 tritas
1036 1853 1193 1909 bibat,
1236 1853 1388 1897 cordis
1435 1854 1644 1898 dolorem
1673 1854 1790 1898 mire
1821 1868 1892 1898 re-

198 1919 442 1964 mediabis.
492 1919 726 1975 cyminum
772 1920 1093 1976 aethiopicum
1134 1921 1537 1964 commanducato.
1588 1935 1749 1964 sucum
1792 1920 1891 1964 eius

199 1985 387 2042 glutiat.
436 1986 654 2029 acuculas
685 1986 850 2042 pineas
889 1986 1064 2030 virides
1105 1987 1244 2030 tritas
1293 2001 1399 2030 cum
1439 1986 1548 2030 vino
1588 1986 1746 2044 bibat,
1786 1989 1834 2030 et
1865 2001 1894 2030 a

201 2051 305 2095 cibo
337 2051 513 2108 pingue
545 2052 798 2108 abstineat,
832 2052 1126 2097 liberabitur.

321 2118 679 2162 Cardiacis
729 2119 971 2175 subvenis,
1022 2119 1062 2163 si
1109 2134 1232 2174 aqua
1274 2118 1358 2162 11101
1400 2119 1563 2163 holera
1603 2121 1738 2162 cocta
1786 2121 1894 2163 sunt

135 2198 177 2229 30
202 2184 366 2228 addito
408 2185 505 2229 sale
544 2186 678 2242 potui
724 2187 874 2231 detur.
922 2188 1030 2229 ruta
1077 2200 1133 2230 ex
1165 2187 1298 2229 aceto
1332 2187 1380 2229 et
1419 2185 1557 2229 melle
1597 2200 1703 2229 cum
1739 2185 1895 2229 farina

200 2251 475 2307 hordeacia,
521 2252 703 2308 pectori
750 2253 1024 2309 impositum
1047 2253 1273 2309 prodest.
1326 2252 1489 2296 vinum
1536 2252 1743 2296 calidum
1789 2267 1895 2296 cum

203 2318 400 2374 spongia
432 2318 705 2375 impositum
734 2333 967 2363 mammae
1000 2318 1232 2362 sinistrae.
1280 2322 1467 2363 mentae
1501 2333 1660 2363 semen
1684 2334 1788 2362 cum
1812 2333 1894 2376 po-

200 2382 331 2427 lenta
378 2386 426 2428 et
471 2385 581 2429 vino
621 2400 853 2429 mammae
898 2385 1117 2430 sinistrae
1165 2386 1448 2430 calefactum
1486 2386 1730 2442 imponito.
1778 2385 1895 2430 folia

323 2522 348 2560 5
379 2517 462 2560 bib
495 2519 532 2562 b.
688 2523 712 2560 6
745 2517 843 2562 toll'
873 2521 912 2562 b.
1066 2525 1092 2562 8
1123 2518 1218 2563 bib.
1253 2519 1284 2562 b
1315 2530 1375 2567 ÷
1407 2521 1445 2563 b.
1585 2524 1610 2562 9
1641 2518 1823 2575 pulegii
1855 2520 1892 2563 b.

201 2577 369 2631 potatu
401 2578 440 2620 b.
572 2581 625 2620 10
657 2579 780 2621 rubr.
815 2579 853 2622 b.
977 2581 1030 2620 11
1063 2577 1244 2634 Piperis
1277 2578 1363 2621 XII
1393 2588 1452 2626 -ζ-
1482 2577 1706 2621 Livestici
1738 2583 1758 2621 s
1793 2578 1895 2622 ΙΙΠ.

202 2634 251 2677 P.
285 2640 363 2678 etc.
398 2636 437 2679 b.
563 2640 616 2678 13
648 2635 842 2692 pulegii-1
875 2640 1058 2693 acapnfi
1091 2636 1320 2680 annotini—1
1353 2639 1391 2681 b.
1517 2641 1571 2680 15
1603 2639 1725 2681 rubr.
1762 2638 1800 2681 b.

205 2697 259 2734 16
291 2692 373 2735 bib
399 2695 437 2737 b.
562 2698 616 2736 17
648 2694 751 2736 XLa
784 2697 820 2739 b.
920 2695 1122 2739 conteris
1156 2698 1193 2740 b.
1289 2699 1343 2739 18
1375 2694 1495 2739 blite
1513 2697 1550 2740 b.
1616 2700 1670 2739 19
1702 2696 1733 2739 10
1765 2706 1824 2744 ÷
1855 2697 1892 2740 b.

204 2755 261 2792 20
292 2750 448 2793 infusa
479 2751 518 2796 b.
643 2758 696 2795 21
733 2753 964 2797 diastema
998 2755 1101 2810 (sic)
1137 2757 1174 2799 b.
1299 2754 1580 2811 spleneticos
1614 2756 1652 2799 b.
1762 2759 1816 2797 23
1847 2769 1892 2810 p.

203 2823 246 2851 v.
274 2822 364 2851 ana
387 2809 597 2854 mixtum.
629 2813 634 2867 Ι
664 2813 703 2855 b.
805 2813 916 2856 dato
935 2815 1042 2869 (—fr
1059 2816 1191 2870 corr.)
1217 2815 1255 2858 b.
1373 2818 1428 2856 26
1447 2813 1838 2857 commanducatfi
1854 2814 1893 2857 b.
1949 2834 1955 2839 ·

206 2870 262 2909 28
278 2866 452 2926 pingue
471 2870 508 2912 b.
602 2874 655 2911 29
674 2872 796 2914 rubr.
823 2873 861 2915 b.
955 2875 1090 2925 cocta
1114 2874 1248 2916 cocta
1273 2874 1298 2917 b
1322 2874 1371 2927 (i.
1397 2886 1430 2916 e.
1459 2872 1587 2925 olera
1607 2886 1646 2916 c.
1665 2873 1739 2916 Ps.
1765 2873 1893 2915 Ptin.

206 2927 249 2980 3,
264 2928 361 2980 20).
454 2930 510 2968 30
529 2927 692 2970 abdito
711 2930 750 2972 b.
843 2934 897 2972 31
915 2931 1146 2974 ordeacea
1163 2933 1201 2975 b.
1295 2936 1351 2974 32
1369 2933 1466 2991 ffite
1499 2933 1524 2975 b
1557 2932 1754 2987 (murtae
1785 2931 1894 2987 PL).
