1988 3184
234 133 345 188 490
657 107 659 109 ’
900 130 1242 176 vmmcmm

232 275 352 324 tiam
389 279 439 322 et
474 268 947 338 <in>aequalitatem
985 274 1035 318 et
1071 283 1162 333 pro
1201 283 1410 333 corpore
1450 274 1596 334 atque
1636 275 1794 320 aetate
1832 269 1958 320 hom

232 349 434 396 minum.
481 346 534 394 hi
581 359 751 393 omnes
792 358 990 393 umores
1038 341 1245 406 singulis
1293 341 1537 392 aetatibus
1583 340 1966 410 aegritudiness-

232 422 431 486 faciunt,
469 420 697 483 quotiens
737 419 848 482 quis
896 431 1068 466 eorum
1107 421 1424 480 augmentum
1463 419 1723 482 acceperit.
1772 419 1922 468 etiam
1951 413 1968 470 [i

230 501 348 543 tunc
393 493 587 556 longam
642 490 1000 555 aegritudinem
1053 490 1262 557 faciunt,
1318 492 1362 539 si
1383 487 1436 556 “<
1448 488 1604 556 quis>
1650 492 1922 556 inperitum
1957 510 1966 557 '.

186 578 207 610 ⁵
230 567 478 616 medicum
515 566 743 615 habuerit
782 571 866 614 aut
903 570 1038 614 certe
1077 564 1422 628 neglegentem
1469 570 1554 614 aut
1599 567 1685 630 qui
1722 581 1923 616 causam
1965 608 1967 614 2

230 656 328 690 non
367 639 668 689 intellexerit
712 639 788 688 vel
835 654 896 688 ex
943 653 1039 703 quo
1085 653 1260 687 umore
1307 638 1563 703 aegritudo
1610 645 1722 689 nata
1769 639 1921 690 fuerit
1959 634 1961 638 ⁴

230 713 365 781 <non
412 710 744 779 cognoverit).
792 712 1023 777 equidem
1068 711 1281 777 diligens
1328 718 1378 762 et
1425 712 1598 762 doctus
1646 716 1921 778 aegrotanti

229 796 346 838 tunc
391 793 555 852 potest
602 802 879 836 sucurrere.
929 788 972 835 si
1017 801 1134 835 vero
1181 786 1449 851 neglegens
1497 787 1648 836 fuerit
1697 793 1782 837 aut
1818 803 1919 837 non
1968 791 1971 815 ³

230 861 549 928 intellexerit,
609 867 710 910 tam
764 861 850 910 diu
903 860 1148 925 protrahit
1201 861 1563 925 aegritudinem
1625 877 1771 926 quam
1834 862 1921 912 diu
1968 863 1979 910 ’;

164 945 206 977 10
229 942 445 986 transeat
488 937 678 985 umoris
725 937 882 1000 ipsius
929 940 1127 1000 tempus
1182 940 1232 983 et
1278 934 1402 984 alius
1448 950 1592 984 umor
1638 951 1699 984 ex
1737 938 1919 990 ceteris
1971 982 1975 984 ,

230 1016 545 1075 augmentum
592 1011 821 1075 accipiat,
869 1011 936 1057 ita
967 1015 1023 1058 ut
1068 1008 1150 1057 ille
1198 1024 1342 1058 umor
1388 1009 1676 1058 excludatur
1722 1025 1781 1059 ex
1822 1026 1918 1075 quo

230 1199 278 1241 et
307 1195 676 1264 temporanciam
707 1195 768 1252 P,
810 1198 858 1240 et
888 1195 1252 1252 temperantium
1285 1197 1335 1253 V,
1368 1195 1680 1253 temperantie
1711 1211 1761 1255 a,
1800 1198 1919 1241 tem—
1979 1188 1988 1259 Ξ

227 1258 461 1359 ΡΟΜΞ113615
500 1313 801 1374 [e]qualitate
841 1316 906 1371 (et
946 1313 1156 1370 equitate
1199 1316 1247 1358 et
1295 1314 1555 1370 equalitate
1595 1315 1658 1372 U)
1696 1329 1780 1372 pro
1820 1329 1919 1359 cor·

1142 1378 1183 1406 ta
1981 1389 1988 1409 a

226 1431 360 1475 pores
393 1417 532 1475 (--ris
569 1418 653 1474 Ge,
688 1422 793 1461 —re
827 1418 890 1475 U>
923 1419 1050 1462 etate
1082 1419 1228 1474 (etate
1256 1417 1344 1475 Ge)
1370 1417 1578 1462 omnium
1605 1419 1702 1464 GU
1720 1420 1812 1476 (sed
1833 1432 1917 1476 pro
1984 1420 1988 1471 ξ

226 1484 268 1522 ct
299 1477 504 1521 omnium
537 1479 724 1533 punctis
761 1479 1008 1534 suppositis
1038 1479 1122 1522 del.
1159 1477 1239 1534 G),
1281 1478 1329 1521 et
1361 1476 1585 1536 equitate.
1628 1480 1676 1522 et
1707 1478 1919 1534 aequali-
1982 1502 1988 1520 ›.

226 1539 326 1580 tate
359 1536 578 1592 corporis.
613 1539 660 1580 et
693 1538 818 1595 etate
852 1535 1060 1580 omnium
1090 1537 1135 1593 Ο,
1170 1538 1218 1581 61,
1249 1535 1590 1592 aequalitatem
1621 1539 1670 1582 et
1699 1551 1784 1594 pro
1817 1551 1916 1581 cor-

225 1610 336 1653 pore
377 1596 529 1651 adque
569 1598 726 1640 aet-ate
765 1595 973 1639 omnium
997 1596 1051 1652 P,
1100 1597 1148 1640 et
1194 1595 1484 1651 aequalitate
1521 1610 1606 1654 pro
1645 1611 1837 1654 corpore
1869 1598 1917 1641 et

227 1657 384 1699 aetate
417 1654 623 1698 omnium
648 1656 699 1699 V.
732 1656 840 1700 haec
870 1657 939 1699 ita
968 1656 1134 1699 habent
1163 1671 1213 1700 a:
1245 1655 1344 1699 Nec
1368 1669 1463 1699 non
1486 1658 1535 1700 et
1558 1655 1712 1700 causis
1743 1655 1916 1700 veteris
1985 1674 1988 1675 ⁷

226 1714 406 1757 iaciunt
436 1728 520 1770 pro
552 1714 726 1758 virtute
758 1713 1069 1770 temperantie
1102 1713 1362 1770 equalitate
1386 1728 1471 1771 pro
1504 1729 1749 1772 corporum
1773 1715 1915 1759 etatis

224 1773 476 1816 Hominum
506 1773 713 1817 humoris
747 1773 972 1829 singulis.
993 1808 1003 1817 .
1024 1779 1092 1818 ‚et
1121 1775 1187 1818 sic
1219 1775 1265 1819 b:
1306 1773 1405 1817 Nec
1428 1788 1523 1818 non
1554 1777 1602 1819 et
1641 1788 1807 1818 causas
1838 1788 1916 1819 ve-

225 1831 338 1876 teris
369 1846 453 1888 pro
485 1832 660 1876 virtute
691 1832 915 1888 temporis
948 1833 1102 1888 adque
1135 1835 1262 1877 etate
1288 1832 1496 1876 omnium
1535 1836 1583 1878 et
1622 1833 1913 1890 quociens

228 1896 253 1934 2
284 1891 642 1947 hi—(3)faciunt·
673 1905 754 1936 om.
790 1894 827 1936 b.
1044 1891 1357 1950 aegritudinis
1388 1895 1618 1949 generant
1649 1893 1703 1950 P,
1737 1892 1912 1950 egritu-

228 1949 350 1992 dinis
384 1950 719 2007 (aegritudines
752 1953 798 2007 a)
830 1949 1011 1995 faciunt
1051 1952 1140 1997 Va:
1174 1950 1489 2007 egritudinem
1519 1951 1702 1995 faciunt
1735 1952 1838 1996 GU.

226 2013 253 2051 3
286 2022 464 2053 eorum:
504 2023 664 2053 eorum
693 2020 754 2058 -1—
775 2008 950 2054 virtute
989 2010 1115 2054 ultra
1153 2010 1345 2054 modum
1381 2010 1458 2060 vel
1498 2013 1602 2056 add.
1626 2011 1684 2067 Ὀ,
1717 2025 1801 2056 om.
1832 2012 1911 2056 rel.

225 2073 253 2110 4
285 2067 388 2122 quis
422 2069 596 2113 addidi.
794 2073 819 2111 5
853 2072 936 2113 aut
967 2072 1091 2114 certe
1122 2069 1454 2127 neglegentem
1483 2072 1568 2114 6111,
1599 2071 1682 2115 del.
1704 2073 1834 2126 (ras.)
1872 2070 1916 2115 G

227 2129 340 2182 (non
372 2128 443 2183 U).
522 2129 646 2171 certe
676 2141 759 2172 om.
787 2128 915 2173 Pba.
1007 2143 1198 2173 causam
1221 2128 1344 2173 Psya
1363 2131 1451 2185 (ωε
1483 2143 1649 2173 causas
1678 2129 1853 2185 GUV(
1854 2131 1915 2185 b).

226 2191 251 2228 6
283 2199 376 2229 non
411 2185 643 2242 CU(ab):
686 2190 816 2243 (ras.)
858 2189 941 2232 del.
979 2188 1022 2232 G
1053 2189 1149 2246 (ubi
1183 2187 1244 2232 Gc
1272 2190 1560 2244 suppleverat
1598 2190 1789 2246 certas),
1829 2188 1915 2231 mi-

224 2244 349 2288 nime
368 2245 419 2289 P.
512 2245 589 2289 vel
607 2246 697 2290 PG
718 2249 805 2302 (ωε
839 2261 921 2291 om.
952 2247 1075 2292 GUb
1087 2263 1128 2292 a.
1223 2246 1421 2303 vel—(9)
1445 2247 1734 2292 intellexerit
1760 2262 1842 2293 om.
1863 2248 1912 2292 V.

229 2307 253 2345 7
286 2303 503 2359 equidem
535 2304 737 2361 diligens
768 2305 845 2349 vel
878 2306 1042 2350 doctus
1077 2310 1206 2363 (ras.)
1242 2308 1325 2351 del.
1363 2306 1417 2351 G.
1540 2307 1759 2363 equidem
1777 2307 1921 2352 CGU

227 2362 387 2417 (etiam
419 2362 458 2405 si
488 2368 533 2420 a)
564 2369 665 2409 etc:
704 2364 827 2408 Nam
864 2367 964 2409 tam
996 2368 1102 2422 (pro
1132 2368 1251 2422 tum)
1284 2365 1378 2410 cito
1410 2365 1558 2410 cicius
1589 2365 1800 2423 potuerit
1831 2365 1912 2411 dil.
1986 2368 1988 2372 ’

225 2422 344 2465 med.
379 2424 703 2478 aegrotantem
735 2438 973 2469 sucurrere
998 2425 1044 2468 P
1064 2424 1420 2481 (pon{tamcius
1451 2425 1628 2482 poterit
1658 2425 1912 2482 neglegens

226 2482 469 2535 egrotante
502 2495 740 2526 occurrere
773 2485 827 2539 b).
951 2488 978 2527 8
1011 2486 1310 2541 (succurrere)
1343 2483 1383 2527 si
1413 2484 1700 2529 intellexerit
1730 2486 1836 2529 add.
1867 2500 1911 2529 a.
1985 2529 1988 2533 Δ

298 2538 347 2582 Si
376 2539 629 2596 neglegens
662 2543 710 2585 et
740 2555 834 2585 non
864 2541 949 2586 int.
981 2544 1082 2586 tam
1114 2543 1195 2585 diu
1225 2557 1294 2598 pr.
1320 2558 1361 2592 a,
1396 2543 1436 2587 si
1466 2543 1596 2600 prius
1629 2557 1819 2588 causam
1842 2543 1914 2586 in·
1985 2544 1988 2569 ³

226 2596 460 2641 tellexerit
490 2612 548 2642 ne
579 2601 680 2642 tam
712 2600 793 2643 diu
822 2616 890 2657 pr.
910 2602 957 2644 P
977 2601 1117 2658 (Nam
1149 2601 1189 2644 si
1228 2615 1394 2646 causas
1433 2602 1721 2647 intellexerit
1758 2602 1912 2646 minus
1984 2598 1988 2621 ³

226 2668 284 2698 ne
315 2657 415 2698 tam
447 2656 527 2699 diu
557 2673 625 2713 pr.
660 2660 714 2715 b).
837 2674 979 2714 quam
1010 2660 1113 2705 diu:
1148 2662 1290 2715 atque
1323 2661 1405 2716 qui
1445 2663 1495 2707 V.
1619 2666 1675 2705 10
1705 2664 1912 2718 tempus:
1985 2671 1988 2721 j

227 2713 448 2769 temporis
483 2715 569 2759 Ge.
721 2719 769 2761 et
800 2717 885 2761 alii
914 2719 1131 2763 humores
1165 2719 1337 2775 exteris
1371 2735 1412 2766 a.
1439 2734 1480 2766 a.
1516 2720 1573 2776 G,
1604 2722 1653 2765 61,
1683 2720 1803 2764 alius
1837 2734 1912 2764 ex·
1974 2727 1988 2773 ·.⁴‘

227 2770 339 2813 teris
370 2771 576 2837 humoris
602 2788 642 2818 a.
670 2789 709 2819 a.
744 2777 789 2820 U
806 2779 871 2832 (et
894 2776 1014 2821 alius
1048 2791 1105 2822 ex
1135 2770 1607 2824 ceteri‘s'humoribus
1631 2781 1688 2838 v),
1718 2781 1766 2824 et
1789 2778 1912 2823 alius
1972 2770 1988 2888 1

228 2827 497 2873 humoribus
530 2832 836 2877 exterioribus
863 2849 903 2880 a.
931 2850 971 2879 a.
992 2836 1045 2881 0:
1072 2838 1119 2880 et
1135 2839 1205 2894 (ut
1222 2839 1284 2895 P>
1308 2838 1429 2882 alius
1455 2837 1660 2895 accipiat
1691 2851 1911 2895 augmen·
1980 2891 1986 2893 υ

227 2887 330 2929 tum
360 2888 493 2944 Pba,
534 2892 586 2933 ut
625 2893 672 2934 et
712 2892 831 2935 alius
864 2907 921 2937 ex
959 2894 1073 2951 ipsis
1113 2895 1384 2941 humoribus
1419 2896 1658 2953 accipiunt
1689 2909 1911 2955 augmen·
1979 2903 1988 2917 “·

228 2946 329 2987 tum
368 2946 416 2989 V.
621 2954 674 2991 11
707 2949 776 2993 ita
807 2953 860 2994 ut
890 2957 968 2998 etc.
1005 2953 1043 2998 Ο
1053 2953 1156 3011 GU,
1187 2954 1257 2999 ita
1288 2957 1342 2999 ut
1365 2955 1446 2999 ille
1479 2955 1594 3001 excl.
1625 2969 1760 3000 umor
1787 2955 1912 2999 unde
1945 2920 1988 3184 ’1
