1988 3184
197 144 308 198 478

841 270 984 315 XXV.
1015 270 1094 314 De
1124 268 1250 314 ilia.

315 348 432 392 Iliae
472 348 631 391 autem
671 347 780 389 sunt
820 345 986 389 dextra
1023 343 1225 399 levaque
1256 341 1309 385 in
1345 340 1600 398 lateribus,
1638 341 1724 386 ubi
1761 311 1978 399 coste

196 430 291 460 non
322 416 451 470 sunt,
483 412 759 457 membrana
789 424 990 455 nervosa
1027 409 1157 454 intra
1194 421 1244 453 se
1283 421 1472 452 carnem
1501 407 1789 454 habentibus
1818 408 1889 454 la-

196 484 308 538 tam,
341 479 423 536 qui
455 493 562 523 cum
593 478 782 523 eosdem
811 477 1111 522 membranas
1143 474 1445 533 gluttinatur‚
1478 474 1772 520 continentes
1795 475 1888 520 vis·
1935 495 1982 533 3

153 556 173 589 5
199 547 344 591 sicam
375 548 424 590 et
453 559 601 590 renes,

763 661 926 705 XXVI.
960 660 1039 704 De
1070 660 1322 704 renibus.
1950 633 1988 725 {²¹}

312 738 465 781 Renes
499 738 659 780 autem
688 734 834 792 positi
874 736 983 778 sunt
1021 733 1072 778 in
1111 733 1313 790 septima
1350 733 1570 778 vertebra
1611 733 1765 792 spine,
1804 734 1889 779 ubi
1963 725 1988 792 '³5

194 804 344 848 lumbi
377 806 500 860 sunt,
532 805 703 846 natura
733 801 1012 858 musculosi,
1052 800 1206 845 colore
1237 800 1400 858 livido,
1435 799 1608 845 deforis
1638 800 1778 859 recti,
1815 800 1888 845 in·
1985 808 1988 860 ζ

193 870 339 914 terius
373 870 503 914 curvi
537 872 585 913 et
617 869 825 926 concavi,
858 867 941 924 qui
971 867 1181 925 genitale
1214 881 1372 912 semen
1401 869 1607 924 portant.
1642 881 1698 911 ex
1722 867 1888 912 eodem

105 944 169 980 ’Ἳο
193 937 295 981 loco
337 939 508 981 exeunt
549 950 666 980 vene
708 936 797 980 due
835 935 968 980 velut
1005 934 1184 992 fistule,
1225 934 1520 979 continentes
1565 935 1729 978 ambas
1775 933 1885 978 ilias

191 1004 413 1048 vissicam
444 1006 492 1048 et
522 1002 782 1060 testiculos,
815 1002 897 1058 qui
920 1001 995 1045 his
1020 1001 1225 1046 calorem
1247 1001 1324 1046 vel
1353 1015 1511 1045 semen
1535 1000 1882 1046 administrant.

190 1070 335 1127 positi
375 1072 484 1114 sunt
523 1072 683 1114 autem
720 1069 771 1112 in
810 1068 1018 1126 ala-pem,
1063 1071 1111 1113 et
1151 1082 1338 1112 carnem
1374 1067 1630 1124 oblongam
1660 1067 1885 1112 virtutem

191 1139 417 1194 prestant.

664 1225 848 1270 XXVII.
881 1225 957 1269 De
989 1224 1207 1269 vissica
1239 1227 1295 1268 et
1326 1223 1420 1268 fel.

125 1317 166 1350 15
308 1300 492 1344 Vissica
523 1300 680 1357 posita
713 1302 785 1343 est
815 1299 889 1343 his
924 1299 1140 1343 omnibus
1172 1297 1442 1342 interames.
1478 1297 1536 1341 de
1569 1296 1700 1340 cuius
1731 1297 1883 1354 figura

191 1367 375 1422 questio
415 1369 506 1423 est,
556 1382 661 1411 cum
699 1366 773 1409 illi
815 1381 961 1410 unum
1000 1367 1229 1423 appareat
1266 1365 1479 1409 foramen
1518 1364 1580 1407 ad
1618 1362 1880 1408 emittendi.

189 1514 305 1544 vene
339 1501 398 1543 ab
432 1499 568 1556 spina
601 1503 648 1544 et
678 1499 889 1543 medulla
919 1499 1161 1544 venientia
1192 1499 1242 1542 in
1279 1497 1514 1543 testiculis
1556 1510 1714 1542 semen
1743 1495 1880 1540 mini-
1936 1505 1968 1547 ς..

190 1566 462 1611 strantibus.
488 1567 605 1611 haec
631 1569 740 1610 sunt
765 1566 955 1610 seminis
979 1565 1212 1610 foramina
1245 1568 1293 1610 et
1315 1565 1557 1609 urinarum
1578 1563 1879 1621 digestiones,
1935 1550 1969 1583 ⁵⁸

124 1643 166 1674 20
191 1647 328 1689 quem
360 1634 614 1678 admodum
645 1648 735 1689 que
765 1633 949 1690 possint
979 1635 1183 1678 vacuata
1213 1632 1406 1689 replere.
1441 1632 1599 1675 errant
1627 1630 1708 1686 qui
1735 1645 1882 1674 unum

190 1699 372 1743 aditum
402 1701 571 1745 vissice
605 1715 705 1745 esse
743 1703 937 1757 putant,
977 1715 1097 1744 unus
1135 1702 1296 1744 tamen
1335 1700 1545 1756 apparet.
1587 1699 1670 1742 sed
1707 1697 1881 1742 vissica

188 1766 469 1823 quatriplice
502 1769 722 1812 contexta
753 1768 1025 1811 membrano
1058 1769 1150 1823 est,
1191 1766 1322 1810 cuius
1363 1765 1649 1810 consertatio
1680 1779 1775 1808 non
1807 1766 1880 1809 est

187 1833 450 1889 perstricta,
483 1834 684 1889 ideoque
717 1836 765 1878 et
796 1833 846 1876 in
877 1834 1105 1878 minorem
1136 1833 1335 1877 formam
1365 1833 1560 1876 redacta
1593 1831 1774 1875 contrai
1797 1844 1881 1888 po-

187 1901 282 1943 test
314 1902 361 1943 et
391 1900 587 1944 remissa
620 1900 861 1957 ampliare.
893 1914 978 1956 per
1009 1899 1220 1943 eiusdem
1243 1899 1518 1942 membrana
1543 1911 1599 1942 ex
1622 1899 1758 1955 parte
1783 1911 1880 1941 cer-

121 1972 164 2004 25
189 1965 314 2009 vices
362 1966 461 2010 eius
503 1967 659 2011 tenuis
701 1966 969 2024 subripiunt
1013 1966 1169 2010 fistule
1217 1965 1552 2009 descendentes
1600 1978 1628 2007 a
1673 1963 1879 2020 renibus,

188 2046 385 2087 quorum
416 2033 621 2076 officium
654 2036 725 2077 est
756 2033 964 2077 colatum
991 2033 1234 2077 humorem
1256 2031 1591 2076 transmittere.
1625 2044 1735 2088 ergo
1767 2029 1878 2074 inde

187 2098 428 2143 venientes
459 2099 614 2143 fistule
648 2101 732 2144 sub
758 2100 863 2157 ipsa
887 2100 1067 2144 cervice
1091 2099 1260 2143 vissice
1291 2098 1560 2142 inseruntur
1590 2097 1713 2141 inter
1735 2098 1878 2141 mem-

189 1434 336 1477 habet
367 1434 540 1477 collum
570 1433 775 1490 longum.
809 1433 879 1477 ibi
910 1435 1080 1477 cuncta
1112 1434 1222 1476 sunt
1259 1431 1492 1476 foramina
1523 1429 1802 1475 tenuissima
1833 1431 1882 1474 et
1892 1441 1917 1610 }
1936 1467 1970 1505 4

304 2295 333 2332 4
363 2290 627 2347 glutinatur
651 2293 704 2337 P.
799 2295 1101 2337 contenentes
1127 2292 1181 2336 P.
1276 2296 1299 2334 7
1333 2290 1466 2350 spine
1501 2290 1557 2334 G.
1639 2293 1665 2332 8
1695 2302 1876 2333 masco-

186 2348 275 2392 losi
307 2350 361 2394 P.
453 2350 604 2395 libido
641 2352 694 2396 G.
791 2357 845 2395 10
876 2366 1018 2418 vene
1030 2352 1120 2397 due
1156 2351 1211 2395 G.
1304 2349 1475 2394 festule
1508 2349 1563 2405 P,
1596 2347 1781 2392 fistulae
1817 2348 1872 2393 G.
1968 2390 1972 2398 ,,

305 2411 605 2454 contenentes
632 2411 684 2455 P.
810 2416 863 2454 11
897 2410 1128 2455 vessicam
1163 2411 1217 2455 G.
1325 2408 1670 2453 adminestrant
1700 2408 1754 2452 P.
1967 2416 1988 2454 b*

187 2470 241 2508 12
273 2467 418 2522 positi
450 2471 559 2512 sunt
594 2470 655 2514 G:
689 2469 858 2526 positis
895 2471 949 2515 G.
1105 2474 1161 2514 14
1191 2470 1408 2527 prestant
1442 2467 1497 2512 G.
1644 2470 1700 2510 14
1730 2468 1779 2510 et
1809 2465 1875 2510 fel
1962 2474 1979 2506 v·-

184 2538 266 2568 om.
305 2526 358 2569 G.
484 2533 537 2572 16
570 2529 755 2587 questio
791 2529 845 2573 G.
939 2529 1021 2572 ille
1054 2530 1107 2573 P.
1231 2525 1523 2572 ademitendi
1557 2525 1613 2570 G.
1711 2529 1766 2569 17
1799 2539 1876 2569 co-

185 2582 283 2625 lum
314 2585 366 2628 P.
489 2586 558 2629 ibi
590 2590 759 2632 cuncta
792 2590 900 2632 sunt
932 2588 995 2633 P:
1027 2587 1111 2631 ubi
1142 2587 1327 2631 iunctas
1363 2586 1418 2631 G.
1519 2584 1773 2629 foraminas
1804 2586 1874 2628 te-

184 2641 434 2686 nuissimas
471 2645 525 2689 G.
665 2650 720 2690 18
751 2660 869 2706 vene
905 2647 960 2691 G.
1100 2647 1162 2691 ad
1194 2646 1329 2703 spina
1364 2646 1419 2690 G.
1541 2643 1787 2688 veniencia
1818 2643 1872 2688 P.

185 2714 377 2758 tesculis
402 2717 455 2760 P.
582 2723 634 2762 19
658 2719 776 2762 haec
804 2719 866 2775 G,
898 2720 930 2762 h
955 2721 1008 2765 P
1133 2719 1224 2776 deg
1226 2719 1429 2764 estiones
1447 2719 1500 2763 P.
1625 2722 1680 2761 20
1705 2732 1796 2774 que
1817 2716 1872 2762 G.

187 2776 240 2814 21
273 2772 418 2832 visice
455 2775 508 2819 G
644 2778 880 2833 putabant
914 2779 968 2823 G.
1114 2783 1169 2822 22
1201 2778 1473 2822 membrano
1509 2776 1575 2823 G:
1615 2791 1786 2820 -num
1817 2775 1870 2820 P.

187 2790 470 2876 consertatio
503 2835 564 2878 P:
598 2836 831 2880 consortio
867 2837 924 2881 G.
1050 2842 1104 2881 23
1136 2837 1358 2881 redactae
1394 2837 1449 2882 G.
1586 2839 1642 2880 25
1674 2835 1774 2879 eius
1807 2834 1870 2879 P:

187 2893 234 2931 ei
253 2888 306 2932 G.
384 2894 440 2932 25
472 2891 628 2953 fistule
657 2894 720 2939 G·
754 2894 928 2938 sistolae
946 2895 1001 2940 P.
1085 2895 1479 2940 discendentesP.
1567 2899 1622 2939 27
1637 2893 1793 2954 fistule
1813 2892 1871 2950 G,

1958 2742 1975 2794 ἕ,

1948 2821 1988 2930 ἐ

185 2946 338 2990 fistole
371 2947 424 2993 P.
1711 2931 1988 3184 i
