1988 3184
545 563 863 622 vindiciani
910 564 1149 638 epitome
1197 565 1382 622 altera

812 673 868 704 cx
896 660 1124 705 codicibus

252 734 352 779 Vat.
385 733 487 777 Pal.
520 736 647 778 1088
677 747 709 777 s.
735 733 811 776 IX
839 734 873 788 f.
907 737 999 777 116
1013 747 1103 789 399.
1132 755 1185 769 =
1212 733 1259 776 P
1280 736 1341 788 (a.
1367 736 1528 789 1881),

245 792 288 837 S.
326 791 445 836 Gall.
471 794 529 835 44
558 805 592 836 s.
620 791 697 835 Χ2
722 806 769 848 p.
794 794 885 836 201
902 805 991 848 399.
1019 813 1072 828 =
1103 792 1145 836 G
1164 795 1224 847 (a.
1250 795 1412 847 1869),

251 851 405 908 Upsal.
429 852 541 895 med.
566 852 667 895 aevi
691 851 845 894 medic.
866 854 896 894 6
918 864 952 895 s.
971 851 1024 893 X
1041 865 1086 906 p.
1105 855 1162 894 14
1174 865 1264 908 899.
1283 873 1338 887 =
1366 851 1411 895 U
1431 853 1492 905 (a.
1519 855 1678 907 1887).
1855 861 1876 895 5

121 937 295 996 Incipit
319 938 383 982 de
407 937 644 982 urificia
668 937 953 981 interiora
978 937 1271 996 <corporis
1295 938 1536 983 humani.
1570 941 1676 986 add.
1703 946 1809 986 ante

122 999 218 1043 ind.
259 1012 389 1054 capp.
430 998 668 1053 inscriptio
707 998 800 1042 cod.
836 996 937 1041 Pal.
970 998 1127 1052 prior,
1168 1012 1283 1053 qaae
1319 999 1455 1042 verba
1494 1004 1599 1043 ante
1637 1005 1809 1044 textam

122 1058 267 1102 altera
305 1059 440 1101 inscr.
481 1058 647 1101 omittit
677 1082 735 1087 —-
765 1057 862 1100 sine
901 1057 1034 1100 titulo
1074 1056 1252 1112 quidem
1289 1058 1366 1101 sed
1403 1058 1455 1100 in
1493 1058 1596 1113 ipsa
1627 1058 1807 1115 Hippo-

121 1117 262 1161 cratis
301 1130 339 1172 9.
372 1116 414 1160 d.
456 1116 518 1159 ad
553 1115 829 1159 Antiochum
874 1115 1064 1170 epistola
1108 1116 1327 1159 inscrtum
1372 1117 1442 1160 his
1486 1118 1631 1161 verbis
1676 1116 1807 1160 Dixi-

121 1189 224 1217 mus
258 1174 314 1218 de
346 1173 642 1217 infirmitates
673 1173 915 1217 hominum
944 1187 1067 1216 nunc
1100 1173 1156 1217 de
1190 1174 1292 1230 ipso
1325 1174 1512 1218 homine
1546 1175 1806 1233 dici(e)mus
1832 1187 1874 1217 10

123 1235 172 1277 et
187 1232 357 1288 quibus
381 1247 438 1277 ex
461 1232 614 1276 causis
638 1232 946 1289 formatum(s)
972 1234 1056 1288 est,
1088 1234 1276 1278 candem
1300 1234 1499 1278 libellam
1521 1235 1684 1279 habent
1708 1235 1752 1279 U
1751 1235 1804 1279 G.

122 1294 176 1336 in
199 1305 285 1349 9αο
311 1292 457 1336 libello
481 1298 740 1348 comparent
764 1292 1032 1336 Vindiciani
1062 1294 1258 1337 membra
1289 1294 1369 1349 qni
1393 1295 1638 1348 praecedit,
1669 1296 1752 1338 ubi
1771 1295 1815 1338 V

711 1351 913 1408 ‘marqini
942 1350 1207 1410 inscripsi).

38 1469 68 1499 Α
244 1439 422 1493 Quibus
456 1437 666 1483 articulis
698 1437 869 1494 quibus
902 1437 1215 1481 commissuris
1248 1438 1418 1493 quibus
1459 1439 1641 1483 ossibus
1674 1440 1805 1483 venis

36 1510 69 1556 μ’
92 1449 200 1561 {vel
223 1503 379 1549 nervis
403 1502 479 1548 vel
504 1502 859 1559 compaginibus
885 1503 1092 1547 omnium
1114 1504 1427 1548 membrorum
1451 1507 1633 1565 constet
1651 1506 1803 1551 homo.
1832 1514 1874 1546 15

88 1576 89 1579 ’
125 1585 182 1615 ex
212 1571 351 1615 rebus
382 1570 533 1626 XIIII,
565 1569 616 1612 id
648 1571 720 1613 est
750 1583 931 1615 nervos
956 1584 1121 1626 venas,
1154 1570 1376 1627 arterias,
1410 1585 1529 1627 ossa,
1563 1572 1803 1629 sanguine,

125 1637 314 1694 spiritu,
346 1636 512 1693 pulpa,
546 1636 697 1692 alape,
731 1650 836 1680 ossa
867 1639 1030 1681 tenera
1061 1649 1150 1691 que
1188 1636 1394 1680 hcondro
1433 1639 1680 1694 vocantur,
1721 1653 1805 1681 un-

124 1704 244 1761 guis,
276 1704 531 1759 humorem,
564 1702 774 1759 capillos,
807 1703 1035 1759 medulla,
1078 1703 1363 1748 membrana.
1397 1716 1454 1747 ex
1483 1703 1557 1746 his
1590 1704 1806 1748 omnibus

125 1768 419 1826 componitur
442 1769 593 1813 homo.
629 1782 788 1812 sensus
821 1768 870 1812 in
894 1768 1030 1812 nobis
1056 1772 1164 1813 sunt
1186 1767 1241 1825 V,
1273 1769 1400 1813 visus
1427 1769 1615 1813 auditus
1639 1772 1806 1826 gustus

126 1837 351 1880 odoratus
384 1838 432 1880 et
462 1837 630 1879 tactus.
1828 1845 1875 1877 20

774 1923 829 1967 II.
862 1923 937 1966 De
970 1925 1154 1979 caput.

245 1998 397 2054 Caput
426 1999 637 2041 nostrum
668 1997 994 2041 commissuras
1024 1996 1171 2040 habet
1200 1997 1256 2053 V,
1288 1996 1338 2039 in
1368 1996 1587 2041 masculis
1620 1997 1805 2041 arteriis

36 2070 70 2103 ω’
126 2063 418 2108 continentes
446 2064 502 2120 X,
533 2063 719 2107 feminis
751 2077 861 2107 vero
886 2062 936 2105 in
963 2061 1221 2106 circuitum.
1254 2063 1378 2105 unde
1411 2061 1680 2118 agnoscitur
1712 2062 1806 2105 cal-

35 2121 70 2166 ⁸>’
125 2130 285 2175 variae
310 2129 536 2174 feminum
560 2131 686 2185 quod
708 2129 835 2186 greci
861 2126 1023 2172 dicunt
1044 2127 1296 2186 novadina,
1320 2128 1447 2183 quod.
1470 2127 1649 2172 coherit
1664 2142 1806 2173 mem-

125 2196 289 2253 brano,
322 2195 398 2239 cui
430 2195 724 2252 superposita
755 2197 828 2239 est
859 2194 992 2239 cutis.
1346 2231 1353 2238 .
1830 2209 1877 2243 25

707 2283 785 2327 III.
819 2283 895 2326 De
927 2283 1229 2326 cerebrum.

248 2357 498 2401 Cei-ebrum
529 2358 601 2400 est
629 2355 836 2400 medulla
861 2355 1030 2412 capitis
1057 2353 1257 2411 copiosis
1288 2352 1527 2397 teneribus
1559 2354 1807 2409 tenuisque

126 2422 393 2480 inplicitum
424 2421 616 2467 venolis.
651 2422 776 2478 quod
806 2421 1006 2465 multum
1037 2420 1270 2478 copiosius
1305 2420 1532 2463 habemus
1565 2434 1707 2475 quam
1736 2435 1808 2465 re-

125 2489 258 2546 liqua
305 2487 555 2545 animalia,
609 2487 809 2544 ideoque
852 2488 1067 2532 omnibus
1120 2486 1216 2530 illis
1273 2485 1579 2543 sapientiores
1635 2501 1806 2543 sumus,

246 2627 273 2665 6
305 2634 512 2666 numeros
542 2635 671 2677 capp.
705 2622 811 2665 add.
844 2621 899 2675 P,
929 2634 1023 2664 non
1062 2620 1158 2665 UG'.
1312 2623 1367 2662 14
1399 2617 1721 2662 commessuris
1754 2618 1806 2663 U.

129 2685 185 2724 15
215 2680 528 2724 membrorum
559 2678 766 2722 omnium
805 2679 902 2724 UG.
1041 2677 1214 2722 constit
1245 2678 1297 2722 P.
1451 2682 1505 2720 16
1530 2676 1580 2719 id
1611 2678 1720 2721 sunt
1751 2677 1805 2722 P,

244 2752 414 2783 nervus
445 2739 499 2783 P.
604 2737 800 2782 asterias
833 2739 883 2782 U.
1008 2742 1061 2781 17
1086 2751 1175 2796 que
1197 2736 1251 2782 G.
1374 2736 1574 2780 ocondro
1616 2737 1666 2793 U,
1700 2749 1806 2779 con-

129 2798 212 2841 dro
249 2798 302 2843 G.
426 2802 480 2840 22
512 2796 658 2840 habet
689 2796 1014 2840 commissuras
1055 2796 1154 2841 UG.
1273 2794 1441 2839 arteris
1459 2795 1513 2850 P,
1538 2794 1726 2839 artai-iis
1753 2795 1804 2839 U.

129 2861 185 2900 23
225 2857 526 2900 contenentes
555 2855 610 2912 P,
650 2869 732 2900 om.
765 2855 818 2900 G.
909 2900 918 2908 ,
1001 2855 1282 2912 agnuscetur
1306 2854 1359 2899 P.
1515 2853 1707 2898 advarie
1750 2853 1805 2910 G,

129 2914 335 2960 acluarie
361 2915 411 2960 U.
504 2918 560 2958 24
584 2913 730 2958 coerit
750 2915 849 2960 UG.
948 2919 1003 2960 26
1037 2914 1224 2958 cerebro
1245 2913 1299 2961 G,
1395 2917 1449 2957 27
1466 2912 1728 2958 terrenibus
1750 2912 1805 2958 G.

1455 2987 1541 3031 30*
