1988 3184
702 140 1151 208 ADmTAMEN'rA.
1659 162 1766 217 307

39 279 75 319 ‘⁸
127 325 131 328 -
201 295 456 342 Vomitus
493 295 686 340 bonus.
749 295 1085 340 lacteridarum
1122 292 1454 340 mundatarmn
1491 295 1558 340 lib
1581 296 1624 353 I,
1671 295 1767 339 cin-

0 351 35 425 ζ
74 363 212 408 nami
244 390 302 396 —-
323 362 401 419 VI,
434 360 614 419 agarici
643 388 704 394 —-
725 361 803 418 111,
835 360 989 406 mellis
1021 362 1148 417 quod.
1178 361 1364 407 sufficit.

4 465 10 468 «
201 428 466 473 Vomitus.
522 426 780 472 elleborum
812 426 973 471 album
994 427 1114 472 bene
1143 428 1421 473 mundatum
1443 418 1528 484 per
1559 427 1764 472 triduum

11 511 14 514 ·
83 495 134 540 in
164 509 289 551 aqua
320 494 517 539 dimitte.
566 495 735 549 quarta
765 506 876 537 vero
909 492 985 536 die
1016 487 1222 549 quanta
1212 496 1306 539 est
1336 493 1421 538 illa
1461 508 1584 549 aqua
1615 493 1765 538 consi-

84 561 210 618 dera,
243 562 291 606 et
320 560 394 604 bis
425 562 612 604 tantum
641 558 796 603 mellis
829 557 874 603 ei
905 558 1109 617 adiunge
1140 561 1189 604 et
1218 559 1295 604 fac
1324 559 1495 604 bullire
1521 561 1674 615 ‘usque
1703 559 1765 602 ad
1810 572 1831 605 5

0 627 3 647 ⁷
83 642 235 685 aquae
266 625 687 683 consumptionem,
728 625 799 669 ita
837 625 964 681 quod
995 638 1176 683 semper
1207 625 1464 670 elleborum
1495 624 1564 668 ibi
1594 624 1763 669 iaceat.

25 704 29 708 ·
81 693 170 738 hoc
200 693 327 738 facto
360 694 408 737 et
439 691 645 736 elleboro
677 690 839 735 ablato
879 694 928 736 et
960 691 1155 747 siccato,
1194 690 1301 734 usui
1333 704 1479 736 serva.
1530 689 1598 734 sic
1631 691 1679 734 et
1707 689 1764 732 li-

82 773 274 816 quorem
302 759 457 816 ipsum
487 757 539 801 in
568 770 679 801 vase
711 757 862 802 vitreo
894 757 1053 801 conde.
1109 756 1292 801 coclear
1321 772 1466 801 unum
1498 757 1623 802 dato.
1665 755 1764 799 sine

78 825 287 882 periculo
333 822 502 878 vomet.
554 823 594 866 si
631 822 868 867 modicum
914 821 1037 866 croci
1076 822 1299 879 addatur,
1347 825 1401 867 ut
1440 822 1620 879 siropus
1662 835 1762 866 esse

4 929 8 932 ,
78 890 332 936 videbitur.
369 890 409 934 si
439 889 594 947 pulvis
627 889 899 946 specierum,
931 890 985 932 ut
1016 887 1322 933 electuarium
1351 889 1445 933 fiet.
1787 902 1830 933 10

269 1125 348 1170 Ad
369 1125 441 1180 II,
464 1127 495 1169 2
521 1127 619 1180 (12)
653 1124 729 1167 De
761 1122 1066 1167 freneticis
1100 1124 1223 1179 (post
1255 1122 1578 1180 subcumbere)

77 1205 188 1235 nam
220 1194 267 1236 et
297 1205 486 1235 somnus
519 1194 566 1234 et
595 1189 832 1246 patientia
862 1188 936 1232 his
968 1188 1222 1233 indicanda
1256 1193 1375 1235 sunt.

724 1292 806 1336 Ad
840 1306 1098 1336 somnum.

193 1359 410 1416 Pampini
441 1359 615 1403 virides
649 1360 704 1403 de
736 1358 834 1403 vite
860 1357 1058 1402 contriti
1090 1360 1137 1402 et
1177 1373 1233 1403 ex
1273 1373 1396 1415 aqua
1440 1358 1596 1405 calida
1627 1359 1763 1415 potui

78 1426 179 1471 dati
221 1440 433 1470 somnum
470 1425 687 1470 invitant.
738 1425 951 1469 chartam
989 1425 1250 1480 quamlibet
1296 1425 1562 1481 combures,
1611 1427 1658 1469 et
1697 1425 1760 1468 ci·
1785 1436 1827 1469 15

73 1507 232 1537 nerem
264 1492 362 1536 eius
395 1506 500 1536 cum
531 1491 686 1537 calida
716 1490 855 1548 potui
889 1491 1012 1534 dato.
1060 1490 1187 1535 idem
1217 1491 1334 1547 facit
1366 1493 1413 1535 et
1439 1491 1570 1547 potio
1604 1491 1654 1534 in
1686 1505 1762 1535 ca-

28 1609 31 1611 ,
73 1558 216 1602 liculo
240 1556 488 1614 papaveris
515 1557 640 1602 data.
686 1560 734 1601 et
761 1570 970 1613 papaver
995 1557 1262 1601 silvaticum
1287 1571 1343 1601 ex
1368 1572 1491 1612 aqua
1517 1558 1762 1601 decoctum

75 1627 122 1669 et
152 1623 287 1681 potui
320 1625 482 1668 datum
511 1623 680 1666 mirum
712 1626 796 1668 est.
846 1622 1002 1666 cancri
1035 1621 1219 1666 oculum
1254 1622 1495 1666 sinistrum
1526 1623 1588 1666 ad
1619 1625 1761 1678 caput

73 1690 236 1747 ligato.
284 1690 520 1733 lactucam
558 1689 792 1746 integram
823 1702 930 1732 mox
968 1688 1039 1732 uti
1073 1688 1130 1732 de
1169 1688 1305 1733 horto
1345 1688 1627 1745 versaveris,
1666 1702 1761 1732 non

74 1756 221 1800 lotam
258 1754 497 1811 ignoranti
536 1754 621 1797 sub
662 1753 840 1798 cervice
882 1768 1016 1811 pone.
1074 1755 1260 1799 scobem
1302 1754 1508 1811 cupressi
1553 1754 1604 1797 in
1649 1754 1759 1798 vino
1784 1767 1827 1799 20

73 1821 332 1866 macerabis
373 1822 420 1864 et
459 1813 659 1876 colabis,
702 1822 749 1864 et
788 1820 887 1864 vini
924 1819 1115 1877 potione
1156 1821 1268 1865 data
1307 1834 1415 1865 mox
1446 1819 1758 1876 conquiescet.

72 1888 268 1932 herbam
298 1887 637 1943 mandragorae
670 1900 842 1942 coques
875 1900 931 1930 ex
962 1901 1106 1943 aqua,
1147 1890 1194 1931 et
1224 1886 1358 1943 potui
1402 1887 1513 1931 dato
1546 1886 1589 1931 ei
1621 1901 1760 1942 quem

72 1954 202 1998 voles
236 1952 419 1997 salvum
449 1951 561 1996 fieri.
611 1951 761 1996 scribe
794 1952 844 1996 in
875 1952 1040 1997 charta
1077 1968 1195 2010 pura
1225 1953 1276 1996 in
1308 1953 1497 1997 silentio
1528 1953 1757 1998 nescienti

74 2022 265 2077 aegroto
302 2019 603 2068 ΙωΙωΚΟΝΝΙ
639 2017 706 2062 dd
738 2020 782 2063 C.
819 2019 1032 2064 ΜΝΟΥΕ.
1080 2019 1162 2064 ille
1194 2033 1333 2075 quem
1363 2019 1546 2076 peperit
1578 2019 1676 2076 illa,
1711 2022 1759 2063 et

71 2099 216 2142 pones
247 2084 476 2129 nescienti
508 2084 592 2127 sub
626 2084 794 2141 capite.
844 2085 959 2129 item
991 2084 1141 2128 scribe
1172 2084 1222 2127 in
1258 2084 1351 2128 tria
1382 2084 1499 2128 folia
1530 2084 1652 2128 lauri
1683 2085 1756 2127 In·
1780 2097 1822 2130 25
1859 2136 1861 2138 ,

73 2153 246 2208 ceptat,
279 2153 327 2195 et
364 2150 593 2194 nescienti
626 2151 711 2194 sub
753 2150 909 2207 capite
946 2165 1081 2207 pone.
1131 2151 1247 2195 item
1288 2151 1338 2194 in
1378 2151 1542 2194 charta
1582 2150 1756 2195 scribes

75 2217 260 2261 KOKOt
293 2216 473 2273 ΙΕΟΝὰ,
507 2219 555 2260 et
584 2217 813 2262 nescienti
845 2217 929 2260 sub
963 2216 1118 2273 capite
1149 2216 1314 2261 lectuli
1343 2230 1478 2273 pone.
1522 2216 1756 2261 lactucam

56 2296 178 2328 ,cum
207 2285 333 2327 terra
373 2296 457 2326 sua
498 2282 670 2327 evelles
706 2286 754 2328 et
785 2285 1008 2340 quattuor
1046 2282 1162 2327 folia
1200 2283 1339 2327 tolles
1379 2285 1427 2327 et
1465 2282 1515 2326 in
1556 2283 1755 2340 singulis

74 2348 247 2392 scribes
279 2347 527 2404 ΥὰὰΝΟΕ,
568 2351 615 2392 et
663 2349 849 2406 singula
879 2349 995 2394 folia
1033 2349 1207 2406 ligabis
1248 2363 1331 2405 per
1371 2348 1579 2405 singulos
1610 2349 1754 2405 pedes

72 2414 197 2459 lecti.
232 2414 346 2459 item
376 2415 427 2458 in
458 2414 648 2459 cultello
682 2415 855 2460 scribes
886 2418 959 2460 ter
984 2414 1145 2460 Occidi
1171 2415 1414 2472 somnium,
1447 2417 1495 2458 et
1525 2414 1754 2459 nescienti
1778 2426 1821 2458 30

136 2529 162 2568 6
197 2529 448 2581 9supc‘nem
480 2526 518 2570 b.
671 2523 744 2569 ell'
779 2527 817 2570 b.
935 2536 938 2538 ’
972 2530 997 2569 8
1040 2524 1223 2569 coclear
1256 2525 1359 2581 (sic)
1394 2527 1433 2570 b.
1565 2530 1620 2571 10
1650 2525 1755 2583 pul-

69 2587 128 2643 ιῖἒ
160 2597 432 2654 (pulverem)
464 2587 649 2654 sperum
680 2599 717 2643 b.
876 2603 931 2643 10
954 2601 1157 2657 sequitur
1186 2598 1373 2643 rubrica
1398 2599 1506 2643 libri
1528 2599 1593 2642 II
1615 2598 1752 2659 Theo-

72 2657 185 2701 dori.
311 2660 365 2699 14
406 2656 584 2712 C(rubr.
618 2657 939 2714 serjampinos
967 2695 975 2703 .
1005 2695 1012 2703 .
1042 2695 1050 2703 .
1078 2656 1302 2701 contritos
1329 2693 1337 2701 .
1366 2693 1375 2702 .
1404 2693 1412 2701 .
1441 2657 1577 2701 datos
1678 2695 1685 2702 .
1713 2658 1751 2703 b.

72 2718 126 2758 15
160 2714 391 2759 comburis
424 2717 463 2761 b.
615 2720 670 2759 17
703 2715 934 2760 salvaticfi
966 2719 1004 2762 b.
1127 2720 1183 2759 19
1214 2714 1348 2767 utid
1380 2715 1411 2758 d
1442 2717 1544 2760 orto
1577 2717 1615 2761 b.

70 2777 124 2816 21
157 2787 367 2818 maceras
394 2809 402 2819 .
430 2809 439 2820 .
467 2812 475 2820 .
503 2773 630 2819 colas
664 2776 702 2820 b.
790 2780 852 2832 ..22
886 2774 1176 2832 conquiescit
1209 2776 1246 2819 b.
1350 2778 1406 2818 23
1437 2774 1677 2819 nesciento
1711 2777 1751 2820 b.

69 2835 126 2875 25
157 2831 292 2889 ponis
324 2834 362 2878 b.
454 2832 664 2890 inceptat
693 2835 790 2891 (sic)
822 2835 862 2880 b.
953 2840 1009 2879 26
1035 2838 1121 2891 cap
1146 2835 1184 2878 b.
1276 2837 1371 2890 poii
1396 2835 1435 2878 b.
1520 2833 1685 2878 scribis
1711 2836 1749 2879 b.

0 2887 13 2928 ‚'
54 2893 125 2934 28
158 2890 320 2936 evellis
353 2894 391 2938 b.
513 2892 642 2937 tollis
675 2894 713 2938 b.
836 2898 891 2938 29
923 2896 954 2939 i.
987 2908 1019 2939 e.
1052 2892 1211 2944 ὕπνος.
1308 2891 1431 2949 ligas
1466 2894 1503 2938 b.
1598 2896 1655 2937 30
1680 2906 1751 2937 so-

0 2925 197 3184 knium
227 2951 265 2996 b.
1343 2977 1349 2981 »

35 3088 37 3090 ,
496 3060 502 3066 -
809 3092 813 3097 1
1393 3025 1481 3070 20*
