1988 3184
144 135 257 189 414
699 125 1277 177 PsEUDo-Tflnonom

57 272 82 314 '7
87 273 113 314 7
139 284 144 289 ·
261 264 470 313 Idaeae
494 267 670 312 herbae
692 265 831 310 radix
851 265 1079 310 virtutem
1102 264 1250 309 habet
1273 263 1529 320 stypticam
1549 263 1763 322 nimium,
1786 265 1836 308 et

142 335 319 379 fluxum
365 333 608 391 sanguinis
654 331 924 388 ventrisque
962 331 1140 375 fluxum
1186 333 1235 375 et
1274 330 1593 387 dysentericos
1637 332 1686 375 et
1729 343 1837 387 pro·

140 401 335 446 fluvium
363 400 615 445 mulierum
646 401 801 456 curat,
842 398 882 442 si
921 400 1005 443 aut
1035 398 1086 442 in
1115 400 1233 455 potu
1266 397 1451 443 dederis
1484 399 1568 442 aut
1599 396 1834 455 cataplas-

140 470 268 511 mate
300 467 426 511 facto
458 466 749 523 imposueris.

53 536 107 578 78
258 533 546 577 Ladanum
590 532 818 577 virtutem
862 532 1011 577 habet
1056 531 1263 576 calidam
1309 534 1358 576 et
1402 534 1740 589 temperatam,
1787 533 1836 576 et
1879 527 1915 580 ε’
1961 555 1967 559 -

138 599 330 644 mollit
366 602 616 644 tumores
649 602 705 644 et
744 598 1083 643 furunculos
1123 598 1486 643 commixtum
1523 613 1645 642 cum
1683 612 1833 656 cera,

139 667 608 722 quemadmodum
633 665 770 710 aliis
801 665 1242 710 medicamentis
1275 665 1638 710 commixtum
1674 664 1832 710 facit.

50 736 105 777 79
255 733 574 790 Lapathum
611 733 803 778 virtutis
840 732 1142 777 mediocriter
1180 732 1364 776 calidae
1397 734 1482 788 est,
1523 734 1573 776 et
1604 731 1834 789 dispergit

136 814 334 845 umores.
369 814 527 844 semen
558 800 658 844 eius
692 799 949 857 stypticum
980 801 1074 856 est,
1115 802 1163 844 et
1200 798 1318 843 facit
1357 799 1419 843 ad
1448 798 1625 842 fluxum
1654 797 1832 843 ventris

137 866 215 910 vel
248 867 310 910 ad
343 866 679 923 dysentericOS.
1856 879 1901 912 10
1980 877 1988 880 ·

48 936 105 978 80
254 933 426 991 Lapis
449 932 804 978 haematites
828 933 1055 977 virtutem
1077 932 1225 976 habet
1247 931 1474 988 frigidam
1499 934 1547 976 et
1564 931 1830 988 stypticam,

134 998 252 1043 facit
284 1000 346 1044 ad
377 999 668 1045 conficienda
699 999 897 1056 collyria
927 999 1283 1044 trachomatica.
1325 999 1427 1056 ipse
1467 1013 1652 1055 quoque
1689 998 1831 1042 tritus

133 1065 185 1109 in
214 1066 439 1111 mortario
473 1067 750 1125 diligentius
781 1066 900 1111 facit
931 1066 993 1110 ad
1033 1079 1111 1110 eos
1152 1066 1233 1122 qui
1273 1066 1552 1123 sanguinem
1587 1079 1673 1123 per
1703 1078 1831 1109 orem

133 1132 343 1187 mittunt,
377 1134 417 1177 si
450 1134 589 1178 datus
620 1133 764 1178 fuerit
794 1133 845 1177 in
876 1132 1084 1190 potione,
1118 1132 1276 1177 omnia
1308 1147 1493 1189 quoque
1523 1132 1720 1177 vulnera
1753 1145 1830 1175 ex-

135 1198 293 1245 siccat.
326 1200 444 1244 facit
475 1201 538 1245 ad
570 1200 810 1245 oculorum
842 1199 1070 1256 dolorem,
1114 1199 1155 1243 si
1192 1199 1389 1244 fricatus
1428 1199 1480 1243 in
1510 1201 1615 1244 cote
1645 1198 1828 1242 infusus
1854 1209 1897 1243 15

134 1265 282 1309 oculis
313 1265 469 1311 fuerit.
496 1267 804 1324 —lapides
837 1266 934 1323 qui
964 1266 1023 1309 in
1055 1265 1382 1322 scorpionis
1406 1264 1617 1309 marini
1648 1264 1831 1309 cauda

134 1331 511 1376 inveniuntur
558 1332 836 1377 virtutem
887 1331 1110 1376 habent
1165 1332 1526 1390 extergendi‚
1584 1331 1829 1387 denique

133 1397 361 1454 lapides
392 1398 624 1459 vesicae
654 1397 987 1442 minutatim
1018 1399 1410 1456 confringunt.

43 1468 97 1507 81
250 1464 379 1508 Lini
419 1479 577 1509 semen
615 1466 856 1510 virtutem*
878 1464 1180 1510 mediocriter
1219 1466 1425 1510 calidam
1461 1465 1630 1522 habet,
1669 1466 1718 1509 et
1755 1465 1829 1508 est

132 1534 382 1576 umectum.
415 1533 561 1576 unde
595 1534 651 1576 et
680 1535 930 1576 tumores
963 1532 1315 1578 consolatur.
1848 1541 1892 1573 20

43 1601 97 1642 82
248 1598 483 1654 Lycium
514 1598 741 1643 virtutem
770 1600 917 1644 habet
949 1599 1126 1643 siccam
1165 1601 1214 1644 et
1252 1598 1439 1643 acidam
1477 1600 1527 1642 et
1558 1597 1824 1654 stypticam.

130 1664 248 1708 facit
279 1665 341 1708 ad
374 1665 692 1721 dysentericos
726 1668 774 1709 et
804 1667 1011 1710 tumores
1047 1666 1148 1722 ani,
1188 1665 1306 1710 facit
1344 1667 1392 1710 et
1423 1665 1485 1709 ad
1517 1663 1822 1709 subtritiones

131 1730 360 1775 femorum
390 1730 466 1775 vel
497 1731 800 1787 paronychia.

41 1801 98 1841 83
225 1797 274 1840 M
285 1811 312 1841 a
323 1796 399 1841 sti
410 1811 433 1841 c
445 1811 469 1841 e
490 1797 751 1855 composita
768 1801 840 1843 est
857 1813 913 1844 ex
930 1799 1178 1844 contrariis
1196 1798 1464 1859 virtutibus,
1483 1800 1532 1843 et
1547 1796 1827 1854 constringit

249 2003 272 2040 1
306 1997 375 2041 De
406 1997 484 2042 ide
518 1997 640 2042 erbe.
674 1998 755 2042 Ide
788 1999 897 2043 erbe
933 1999 976 2043 G
1006 1997 1170 2056 (Ἰδαία
1203 1996 1305 2056 &ga
1340 1997 1478 2055 Gal).
1640 1995 1817 2053 istipti-

130 2070 235 2100 cam
269 2056 323 2101 G.
446 2062 472 2100 3
505 2056 555 2099 in
585 2058 701 2113 potu
737 2057 791 2102 G.
915 2063 943 2101 4
974 2058 1069 2115 inp.
1107 2058 1160 2103 G.
1299 2061 1325 2100 5
1356 2056 1426 2101 De
1458 2056 1694 2100 ladanum.
1728 2056 1815 2099 La-

129 2116 278 2159 danus
315 2116 357 2160 G
390 2116 515 2171 (Gal.
544 2117 667 2171 XII,
689 2120 789 2173 28).
914 2122 939 2160 6
971 2117 1127 2161 moll&
1161 2117 1215 2162 G.
1337 2115 1608 2160 furuncolus
1644 2114 1699 2159 G.

127 2174 365 2218 conmixta
400 2175 454 2219 G.
581 2180 605 2219 '7
638 2175 876 2220 conmixta
903 2176 957 2221 G.
1052 2181 1078 2219 8
1102 2176 1171 2220 De
1202 2174 1448 2232 lapatium.
1481 2174 1735 2232 Lapatium
1762 2173 1816 2218 G.

127 2239 153 2278 9
186 2233 447 2290 istipticum
482 2234 536 2279 G.
677 2240 732 2278 10
766 2235 1076 2280 desintericus
1112 2235 1166 2280 G.
1319 2239 1373 2278 11
1407 2234 1477 2278 De
1508 2231 1817 2291 lapisematis.

125 2292 267 2350 Lapis
286 2292 452 2337 ematis
467 2293 521 2338 G.
615 2293 877 2351 istipticam
889 2295 945 2339 G.
1033 2295 1094 2338 ad
1112 2293 1424 2338 conficiendos
1442 2292 1648 2338 collirios
1665 2294 1817 2336 traco-

124 2351 336 2397 maticos
369 2352 496 2409 ipsos
530 2366 715 2408 quoque
747 2353 885 2398 tritos
921 2354 976 2410 G,
1124 2358 1178 2398 13
1209 2366 1293 2410 per
1319 2353 1326 2412 Ι
1353 2352 1525 2409 gremit
1554 2354 1668 2397 tunc
1700 2351 1741 2395 si
1772 2352 1815 2396 d.

124 2411 155 2455 f.
188 2417 265 2456 etc.
303 2411 346 2455 G
377 2414 476 2468 (per
508 2425 586 2455 ore
618 2413 673 2467 cf.
708 2412 913 2458 Anthim.
942 2428 990 2470 p.
1019 2415 1108 2470 55).
1256 2417 1313 2455 14
1344 2411 1626 2513 ex<sicc?at
1661 2411 1722 2455 Gc
1746 2412 1818 2466 (in

123 2474 250 2525 vas).
376 2475 430 2514 15
462 2470 513 2513 in
545 2472 651 2515 cute
687 2471 730 2515 G
761 2468 1061 2529 (8375’6‘220'21‘129
1095 2472 1229 2530 Gal..)
1355 2475 1410 2515 16
1443 2485 1530 2514 ocu
1551 2485 1605 2514 us
1642 2470 1696 2515 G.

126 2529 360 2585 scorpioni
387 2530 430 2573 G
461 2531 559 2586 (τοῦ
590 2533 851 2575 θαλαττίου
895 2533 1120 2589 σκορπίου
1150 2533 1253 2589 qr).
1285 2531 1393 2575 haec
1422 2531 1614 2575 aliumde
1636 2530 1816 2584 addita,

124 2602 218 2631 ozon
248 2602 303 2632 εει)
337 2588 440 2633 Gal.
473 2594 551 2633 cet.
583 2591 641 2644 cf.
679 2589 782 2634 Gal.
809 2591 930 2646 XII,
952 2594 1048 2636 205
1072 2612 1128 2627 =
1158 2590 1406 2634 Orib.141.
1554 2592 1608 2632 19
1636 2588 1705 2632 De
1728 2587 1816 2630 lini

126 2659 294 2690 semen.
327 2646 434 2689 Lini
466 2661 625 2691 semen
660 2648 714 2694 G.
837 2626 996 2694 calida
1027 2649 1130 2693 ab&
1165 2648 1218 2693 G.
1342 2652 1399 2692 20
1430 2647 1732 2692 consolantur
1759 2646 1814 2691 G.

125 2709 179 2747 21
206 2705 274 2748 De
305 2704 478 2750 licium.
512 2705 668 2750 Licius
697 2707 751 2752 G.
816 2708 1030 2753 accidam
1061 2710 1110 2752 et
1139 2707 1401 2774 istipticam
1428 2707 1483 2752 G.
1588 2711 1644 2750 22
1670 2705 1708 2750 Sz
1729 2706 1816 2749 hu-

124 2775 301 2806 morem
332 2763 412 2806 ani
439 2764 493 2808 G.
614 2763 733 2809 facit
762 2766 829 2810 eit
854 2782 887 2812 s.
914 2767 944 2813 f
975 2768 1029 2813 G.
1153 2765 1485 2811 subtrictiones
1516 2765 1746 2810 femorum
1772 2763 1816 2831 G

125 2822 501 2887 (παρατρίμματα
536 2823 656 2878 Gal„
693 2825 813 2870 Orib.
848 2828 1009 2871 lat.=
1034 2825 1387 2883 intertrigines).
1541 2829 1596 2869 23
1626 2822 1813 2881 paroni-

124 2878 218 2922 tias
253 2879 308 2923 G.
429 2885 487 2923 24
518 2881 701 2926 consita
734 2885 837 2940 (sic)
868 2885 911 2929 G
942 2885 1187 2942 (σύνθετος
1221 2885 1356 2942 Gal).
1480 2883 1519 2927 ὣ
1549 2897 1586 2929 c.
1620 2898 1662 2927 v.
1695 2882 1734 2926 Sc
1757 2896 1814 2926 ex

125 2937 405 2993 constring&
439 2939 492 2983 G.
