1950 3172
528 738 767 800 Index
814 738 1326 818 capitulorum

376 839 508 894 libri
545 839 708 910 primi
745 837 1076 910 Euporiston
1114 838 1510 893 Faenomcnon.
1573 920 1578 924 .

219 1028 457 1073 Praefatio
483 1027 655 1085 (epist.)
981 1027 1143 1071 XVHI.
1175 1026 1245 1070 De
1276 1026 1469 1069 minutis
1507 1025 1693 1082 papulis
1725 1026 1775 1069 in

101 1089 136 1134 I.
169 1087 405 1132 Praefatio
439 1086 604 1143 operis,
1041 1085 1162 1130 facie
1178 1084 1255 1129 vel
1271 1085 1444 1140 ubique
1456 1085 1770 1129 nascentibus.

102 1148 159 1192 Π.
172 1147 240 1191 De
253 1145 584 1190 infectionibus
603 1143 891 1201 capillorum.
982 1144 1166 1210 XVIIII.
1191 1143 1260 1188 De
1284 1143 1468 1187 ustione
1493 1143 1675 1187 calidae
1699 1143 1774 1187 vel

101 1207 181 1251 III.
213 1206 281 1250 De
314 1219 399 1262 cap
401 1204 497 1248 illis
530 1203 820 1248 cadentibus,
1041 1203 1177 1260 ignis.

101 1265 200 1310 ΠΠ.
232 1265 301 1308 De
333 1263 577 1308 crementis
603 1262 891 1319 capillorum.
982 1262 1078 1306 XX.
1112 1262 1180 1305 De
1214 1261 1522 1306 carbunculis.

141 1323 235 1382 [Ad
253 1322 486 1367 defectum
502 1321 810 1378 capillorumo
812 1322 890 1379 Β]
983 1321 1101 1366 XXI.
1120 1321 1187 1364 De
1211 1320 1482 1364 vulneribus
1506 1320 1650 1364 variis
1669 1333 1775 1363 cau-

101 1382 155 1427 V.
188 1383 256 1426 De
286 1380 585 1438 pediculosis
1043 1379 1104 1423 sis
1137 1379 1327 1422 inflictis
1360 1379 1644 1435 corporibus,

101 1441 178 1485 VI.
210 1441 279 1486 De
286 1397 507 1484 pachoris.
982 1438 1121 1482 XXII.
1177 1438 1244 1481 De
1297 1437 1568 1481 vulneribus
1617 1451 1673 1482 ex
1727 1450 1774 1481 se

101 1499 201 1544 VII.
233 1500 301 1543 De
338 1497 628 1554 alopeciosis
1042 1499 1206 1553 sponte
1237 1497 1553 1540 nascentibus.

101 1558 222 1603 VIII.
254 1558 323 1601 De
355 1557 536 1601 aurium
568 1555 850 1600 causatione.
982 1555 1144 1599 XXIII.
1178 1556 1245 1598 De
1276 1554 1386 1611 igne
1420 1569 1563 1599 sacro.

102 1616 244 1660 VIIII.
277 1616 346 1659 De
376 1615 620 1672 parotidis.
981 1614 1164 1658 XXIIII.
1197 1614 1265 1657 De
1289 1627 1510 1670 percussu
1535 1628 1677 1670 apum
1699 1612 1776 1657 vel

102 1670 159 1720 X.
190 1675 259 1718 De
291 1674 590 1719 ferbunculis.
1042 1672 1338 1729 scorpionum
1392 1675 1532 1728 atque
1593 1685 1777 1729 serpen-

103 1734 180 1778 XI.
212 1733 281 1777 De
313 1733 569 1777 choeradis.
1042 1731 1174 1776 tium.

104 1793 202 1837 XII.
238 1792 306 1836 De
339 1791 577 1836 oculorum
609 1790 775 1834 causis.
984 1790 1122 1835 XXV.
1149 1790 1217 1834 De
1243 1789 1467 1846 stirpibus
1491 1789 1567 1834 vel
1593 1789 1776 1833 ossibus

102 1851 222 1895 XIII.
255 1851 323 1894 De
354 1850 538 1894 narium
567 1849 755 1893 morbis.
1043 1849 1213 1893 infixis.

102 1910 243 1954 XIIII.
276 1909 345 1953 De
376 1909 503 1953 fluxu
540 1908 781 1966 sanguinis
812 1921 895 1951 na·
983 1908 1145 1952 XXVI.
1201 1908 1270 1951 De
1316 1906 1509 1951 testium
1561 1906 1778 1963 indigna-

160 1967 294 2012 rium.
1043 1966 1185 2011 tione.

102 2027 199 2072 XV.
232 2027 301 2071 De
332 2026 473 2071 labiis
507 2026 819 2083 crepantibus.
985 2026 1169 2070 XXVII.
1202 2026 1270 2069 De
1301 2025 1472 2070 veretri
1505 2024 1671 2069 causis.

101 2085 221 2130 XVI.
266 2085 336 2129 De
369 2085 580 2130 dentium
611 2084 893 2129 causatione.
985 2084 1192 2129 XXVIII.
1225 2085 1293 2128 De
1325 2083 1568 2128 herniosis.

102 2144 245 2188 XVII.
284 2145 352 2188 De
390 2144 520 2189 vitiis
569 2143 774 2188 faucium
819 2143 895 2188 vel
984 2143 1211 2187 XXVIIII.
1252 2143 1320 2187 De
1360 2142 1594 2186 umbilicis
1626 2141 1779 2185 infan-

166 2202 270 2246 oriS.
1043 2202 1164 2245 tium
1197 2202 1521 2246 eminentibus.

221 2347 457 2392 Praefatio
489 2350 539 2405 (s.
570 2363 692 2392 num.
726 2355 768 2393 et
795 2350 919 2393 rubr.
951 2349 1010 2404 B,
1034 2349 1057 2391 I
1086 2347 1298 2392 Prefacio
1324 2349 1413 2404 br).
1455 2374 1509 2379 —
1541 2346 1777 2390 Praefatio

106 2405 274 2463 (operis
306 2407 358 2450 in
387 2409 528 2463 textu)
558 2408 656 2450 sine
684 2422 806 2451 num.
832 2408 898 2452 B:
931 2407 975 2450 II
993 2406 1219 2463 Prologus
1245 2408 1316 2451 br.
1400 2406 1543 2462 (XIII)
1573 2404 1777 2450 narium.

106 2479 265 2509 earum
290 2465 362 2509 bB
371 2480 408 2509 r
540 2464 723 2522 (XVHI)
754 2465 804 2508 in
833 2465 953 2509 facie
986 2479 1068 2510 om.
1101 2466 1160 2510 Β.
1310 2463 1388 2508 vel
1419 2464 1592 2530 ubique
1622 2478 1703 2508 om.
1738 2465 1776 2508 b.

105 2523 310 2581 (XVIIII)
326 2523 509 2567 ustione
526 2524 593 2568 B:
619 2523 938 2568 combustione
963 2525 1033 2569 br.
1124 2522 1269 2579 ignis.
1301 2522 1424 2579 ignis
1452 2522 1503 2565 in
1526 2536 1715 2578 corpore
1738 2538 1776 2566 r.

107 2582 245 2639 (ΧΧΙ)
277 2582 450 2628 causis:
484 2596 572 2638 que
605 2581 756 2626 causis
781 2584 820 2638 b,
852 2582 1037 2626 casibus
1068 2582 1115 2625 Β
1124 2597 1161 2627 r
1263 2580 1451 2625 inflictis
1485 2580 1777 2638 corporibus:

104 2640 156 2684 in
186 2655 375 2698 corpore
408 2643 446 2696 b,
478 2640 633 2684 infixis
663 2641 724 2698 B,
755 2640 892 2684 factis
924 2640 974 2684 in
1006 2653 1195 2697 corpore
1225 2655 1262 2685 r.
1420 2640 1581 2698 (XXII)
1613 2642 1778 2697 sponte

105 2712 189 2745 om.
221 2701 312 2746 Br.
375 2677 581 2757 (X'XHH)
611 2701 692 2745 hoc
721 2701 783 2745 ad
811 2700 944 2755 ftmem
975 2700 1083 2745 libri
1110 2700 1320 2756 supplent
1348 2700 1420 2744 rb.
1592 2713 1778 2756 percus-

105 2757 778 2874 ssssnffmfssiffssffgssssbffiogfffis
813 2757 1551 2874 ἓῖᾳῗὲ1ἔέἁ1ἱῖ1ἓῗῂῗφῗῖῃὲἓηέ>
1588 2757 1778 2872 ὂὲἶΧΒῖΞ

107 2875 330 2933 stirpibus
347 2877 423 2922 vel
441 2876 622 2921 ossibus
637 2875 714 2921 vel
728 2875 836 2921 telis
852 2875 936 2920 icti
952 2891 986 2922 c.
1089 2875 1335 2933 (XXVIIII)
1350 2877 1468 2922 hanc
1488 2877 1611 2922 rubr.
1622 2889 1704 2921 om.
1715 2876 1775 2919 Β.
