1950 3172
205 156 278 210 52
722 140 1041 201 Tnnonom
1070 155 1371 199 Pnrscnm

347 339 488 389 XVII.
550 339 625 388 De
666 340 837 388 vitiis
877 336 1157 390 omnibus
1192 337 1452 387 faucium
1490 336 1581 387 vel
1621 338 1766 386 oris

116 424 189 478 50
353 427 449 478 Per
472 430 614 477 initia
639 442 752 476 cum
777 428 1078 475 commoveri
1109 425 1295 490 aliquid
1326 428 1379 476 in
1409 426 1635 476 faucibus
1667 427 1915 493 senseris,
1918 416 1949 468 “f

206 501 505 567 generaliter
549 500 778 550 omnibus
825 515 887 549 ex
934 500 1221 549 decoctione
1267 515 1495 550 rosarum
1541 501 1785 550 siccarum
1823 499 1919 549 vel

209 575 515 640 dactylorum
555 581 638 624 aut
677 589 935 639 myxarum
975 580 1060 623 aut
1090 573 1242 624 lentis
1278 581 1362 624 aut
1401 574 1628 624 cantabri
1661 573 1736 623 vel
1768 579 1922 624 cete

162 658 182 691 5
206 664 376 699 rarum
438 651 761 714 stypticarum
822 648 1142 697 mediocriter
1203 650 1496 734 specierum
1544 649 1774 698 convenit
1825 618 1950 698 11111ἶῖἓί

203 723 381 808 tepido.
411 724 801 788 gargarismatio‚
843 728 899 772 ut
937 724 1087 772 etiam
1125 721 1286 772 mellis
1327 724 1580 787 quippiam
1620 723 1899 787 despumati
1943 739 1950 779 3

1919 483 1950 580 3

1927 637 1950 738 3

205 799 628 847 commisceamus
685 796 946 861 aliquando
974 812 1091 845 sane
1125 795 1447 862 singularum,
1480 796 1740 861 aliquando
1767 811 1900 846 com·

204 873 485 920 mixtarum.
571 886 685 920 nam
732 876 781 919 et
819 870 893 919 lac
934 870 1135 919 ovillum
1173 870 1250 919 vel
1290 872 1549 935 caprinum
1596 886 1709 920 cum
1755 869 1900 919 melle

203 945 430 1010 tepidum
484 947 630 994 iuvat.
717 944 946 993 similiter
1002 946 1149 993 etiam
1203 944 1458 993 rodomeli.
1537 943 1767 993 similiter
1821 943 1901 993 dia

139 1026 183 1059 10
205 1034 395 1085 moron,
436 1019 568 1083 quod
608 1020 679 1068 sic
719 1019 963 1067 conficere
1003 1020 1353 1067 consuevimus
1392 1024 1447 1067 ut
1486 1018 1546 1067 ad
1579 1018 1701 1067 duas
1732 1023 1899 1082 partes
1948 1015 1950 1076 ἶ

206 1094 314 1142 51161
360 1108 616 1142 mororum
662 1108 812 1142 unam
858 1092 1020 1142 mellis
1061 1092 1436 1141 admisceamus
1515 1094 1586 1141 sic
1626 1094 1774 1141 etiam
1814 1091 1899 1140 ali·
1947 1106 1950 1110 ·

206 1169 293 1231 qui
331 1166 391 1216 de
432 1182 550 1216 suco
598 1166 712 1216 rubi
751 1172 800 1216 et
845 1166 990 1215 melle
1038 1166 1190 1215 veluti
1237 1166 1318 1215 dia
1342 1181 1518 1215 moron
1566 1167 1899 1215 confecerunt.
1949 1166 1950 1169 ’

206 1239 293 1289 alii
338 1243 487 1290 etiam
535 1241 595 1289 de
643 1240 965 1306 cydoniorum
1006 1256 1124 1290 suco
1165 1239 1395 1289 similiter
1435 1246 1485 1289 et
1524 1239 1583 1289 de
1623 1239 1751 1289 malo
1791 1255 1899 1304 gra-

205 1319 319 1364 nato
368 1314 454 1364 sed
511 1316 736 1379 styptico.
821 1314 906 1364 alii
950 1329 1067 1363 vero
1116 1314 1287 1363 eadem
1334 1314 1459 1363 mala
1508 1320 1800 1379 quassantes
1848 1315 1900 1362 in

139 1397 183 1429 15
206 1404 352 1453 passo
393 1395 634 1438 coxerunt
674 1394 722 1437 et
759 1390 1018 1437 triverunt.
1096 1388 1216 1437 haec
1254 1390 1416 1437 omnia
1451 1403 1599 1453 supra
1631 1387 1762 1436 dicta
1801 1402 1901 1436 non

207 1544 417 1590 curialis:
450 1544 719 1602 ὑοσκυάμου
751 1561 819 1604 qr.
845 1560 895 1602 p.
930 1548 1032 1590 357.
1229 1559 1273 1601 p.
1302 1549 1372 1601 51,
1409 1549 1463 1589 15
1495 1544 1704 1589 radicem
1734 1560 1759 1589 r
1779 1544 1900 1590 Get:

213 1618 347 1707 -Οθῗ
380 1606 607 1708 {Ignibus
642 1666 666 1708 b
706 1666 932 1720 (omnium
962 1665 1024 1719 r):
1065 1677 1147 1708 om.
1182 1663 1228 1706 B
1249 1664 1343 1708 Gez.
1387 1665 1460 1720 (cf.
1500 1678 1567 1721 qr.
1602 1662 1747 1718 XIV,
1779 1664 1903 1719 358).

205 1722 282 1767 vel
313 1725 372 1768 rb
403 1729 445 1768 et
475 1725 575 1779 (ubi
604 1723 681 1767 vel
714 1722 805 1767 oris
839 1722 1102 1780 periniciel)
1135 1723 1201 1767 B:
1235 1723 1284 1766 et
1317 1723 1412 1768 Gel.
1553 1728 1578 1765 2
1611 1723 1668 1777 cf.
1701 1736 1768 1780 qr.
1802 1723 1833 1767 Ζ.
1864 1735 1899 1766 6.

206 1781 328 1838 (κατ’
365 1782 527 1839 ἀρχάς)
559 1788 601 1827 et
617 1798 666 1839 Ρ.
693 1787 796 1827 435.
930 1787 958 1825 4
991 1781 1273 1825 dactilorum
1303 1783 1438 1826 rbB:
1472 1781 1782 1838 colatylorum
1805 1782 1904 1837 (sic)

205 1841 305 1886 (θεῖ.
400 1843 484 1885 aut
506 1841 739 1885 mixarum
758 1841 877 1886 Gela
906 1842 989 1884 aut
1011 1840 1227 1884 nixarum
1243 1842 1315 1896 rb,
1342 1841 1570 1884 elixorum
1582 1843 1655 1897 (56
1675 1840 1818 1896 dact.)
1834 1840 1906 1884 B!

204 1904 234 1943 5
266 1899 337 1943 uti
369 1901 394 1944 b
415 1901 532 1946 Gel.:
565 1915 650 1945 om
681 1901 760 1944 rB
897 1905 923 1943 6
947 1898 1332 1958 gargaris(—rio-
1357 1900 1570 1956 B)matio
1601 1915 1627 1944 r
1644 1900 1764 1945 Gai:
1797 1912 1903 1956 gar-

204 1958 413 2017 garismo
446 1961 484 2005 b.
609 1965 633 2003 7
667 1958 1050 2003 commisceamus
1082 1959 1216 2004 rbB:
1250 1958 1592 2003 admisceamus
1626 1956 1903 2003 6161511-

204 2018 394 2074 quando
412 2032 525 2062 sane
542 2018 834 2076 singulorum
843 2018 1154 2075 (singularum
1170 2019 1211 2074 r)
1227 2016 1512 2073 aliquotiens
1531 2016 1849 2073 (aliquatenus
1860 2018 1902 2072 r)

204 2077 564 2121 commixtorum
603 2079 836 2134 (—ta1·um
866 2079 908 2134 r)
940 2093 966 2122 r
984 2078 1102 2132 Gal„
1148 2076 1308 2132 aliquo
1348 2077 1699 2121 commistarum
1742 2074 1903 2131 aliquo

205 2135 499 2194 singularum
532 2138 578 2181 b:
611 2151 694 2181 om.
728 2138 786 2182 Β.
959 2141 984 2178 9
1017 2135 1163 2180 etiam
1197 2137 1314 2192 Get,
1348 2136 1493 2180 etiam
1524 2138 1572 2180 et
1601 2150 1627 2181 r
1658 2134 1802 2191 (Etid’
1836 2136 1904 2191 b):

205 2210 291 2240 om.
323 2197 382 2240 B.
503 2195 751 2239 rodomelli
780 2197 854 2250 rb,
886 2194 1095 2239 rodomel
1126 2196 1185 2240 Β,
1332 2200 1387 2238 10
1421 2195 1480 2239 ad
1514 2195 1630 2238 duas
1657 2230 1666 2238 .
1689 2230 1725 2239 ..
1759 2207 1904 2237 unam

206 2270 265 2299 m.
301 2254 642 2299 admisceamus
679 2254 774 2299 Gel.
809 2254 1007 2311 (duasfl
1029 2256 1114 2299 ,et
1143 2268 1287 2298 unam
1317 2269 1376 2299 m.
1419 2254 1804 2298 commisceamus
1837 2254 1903 2310 b).

209 2314 270 2357 ad
303 2314 383 2370 (ad.
414 2329 498 2359 om.
530 2317 573 2371 r)
607 2314 724 2357 duas
758 2349 767 2358 .
817 2327 946 2358 ,una
976 2329 1035 2359 16
1070 2313 1353 2358 adhibeatur
1384 2315 1474 2358 rB.
1666 2318 1719 2356 11
1755 2311 1905 2368 aliqui

208 2373 266 2417 de
299 2387 332 2418 s,
369 2374 465 2419 θεῖ.
500 2374 577 2430 (de
609 2387 719 2417 suco
751 2387 833 2418 om.
869 2372 1019 2429 aliqui
1050 2374 1112 2429 b).
1147 2372 1328 2430 aliquid
1353 2387 1410 2417 ex
1442 2388 1476 2417 s.
1502 2372 1682 2429 B(aliq
1713 2385 1823 2415 suco
1836 2373 1902 2438 ρ’).

209 2437 266 2476 14
298 2432 380 2476 sed
411 2434 487 2499 (cf.
523 2432 702 2490 Garyil.
734 2447 769 2477 6.
796 2437 868 2484 41,
900 2433 1054 2477 Diosc
1082 2432 1488 2490 1,151)s†‚iptico
1528 2433 1607 2476 rB
1625 2432 1742 2476 Gela
1787 2429 1902 2487 stip-

207 2491 356 2536 ticum
387 2491 512 2535 enim
535 2493 607 2536 est
632 2494 669 2537 b.
750 2496 805 2535 15
830 2493 879 2535 et
900 2491 1133 2536 triverunt
1159 2492 1278 2537 Gel.·
1311 2493 1360 2536 et
1382 2491 1498 2535 trita
1523 2490 1841 2534 adhibuerunt
1864 2490 1903 2545 b,
1939 2490 1942 2492 ’

209 2552 257 2594 et
289 2550 503 2595 omnibus
545 2550 747 2608 querelis
786 2550 994 2595 faucium
1023 2550 1299 2608 profuerunt
1329 2553 1431 2608 (sic)
1462 2551 1541 2618 ΥΒ
1573 2552 1705 2607 (quae
1735 2555 1799 2594 est
1829 2562 1903 2593 ex-

201 2611 398 2665 plicatio
414 2613 722 2668 sequentium).
826 2610 943 2655 haee
961 2624 1000 2655 o.
1021 2625 1053 2654 s.
1074 2611 1116 2655 d.
1134 2624 1230 2654 non
1245 2609 1390 2654 simili
1407 2608 1561 2668 specie
1578 2622 1615 2654 e.
1633 2623 1676 2665 p.
1694 2607 1901 2652 virtus—

207 2668 487 2712 benefieium
521 2670 632 2726 Gel„
665 2670 709 2715 11
743 2683 782 2714 o.
819 2684 852 2714 s.
887 2670 930 2715 d
963 2683 1058 2713 non
1090 2669 1256 2714 similis
1290 2682 1395 2726 spes
1435 2671 1517 2726 (sic
1544 2670 1643 2713 sine
1673 2669 1831 2724 comp.)
1862 2680 1900 2711 6.

208 2741 253 2792 p.
284 2726 487 2772 virtutis.
552 2730 602 2771 at
639 2730 799 2772 tamen
838 2743 934 2773 una
984 2728 1199 2773 omnibus
1237 2727 1466 2773 beneficia
1497 2730 1544 2772 b:
1589 2727 1707 2770 haec
1746 2725 1906 2770 omnia

209 2784 260 2828 in
299 2784 443 2828 51111111
482 2800 623 2842 supra
665 2787 793 2831 dicta
825 2787 979 2845 speeie
1017 2789 1205 2832 tantum
1242 2801 1344 2831 esse
1381 2787 1591 2854 possunt.
1641 2785 1791 2829 virtus
1832 2785 1903 2829 at-

208 2845 371 2887 tamen
400 2858 495 2887 una
528 2845 743 2890 omnibus
775 2846 824 2889 id
858 2849 929 2891 est
959 2846 1239 2891 beneficium
1262 2845 1473 2903 (cunctis.
1508 2846 1657 2891 Sane
1706 2846 1733 2900 .)
1765 2845 1824 2900 B,
1856 2843 1939 2887 h*

211 2916 252 2947 o.
284 2916 381 2946 non·
410 2902 554 2946 simili
584 2918 637 2960 sp
640 2904 738 2948 6616
767 2906 956 2949 tantum
986 2919 1088 2950 esse
1117 2907 1327 2963 possunt.
1359 2905 1509 2950 virtus
1542 2882 1753 2948 attamen
1783 2917 1826 2947 u.
1860 2915 1902 2946 ο.
1948 2964 1950 2969 .

211 2961 378 3006 eadem
409 2963 481 3005 est
513 2963 560 3005 et
591 2962 636 3007 b.
678 2978 715 3007 r.

1930 3037 1950 3073 ,1

1925 3089 1947 3172 3
