1988 3184
232 153 344 207 460
901 150 1244 195 vmmcmu

294 287 385 343 (24)
408 284 459 328 in
483 282 702 328 dentibus
725 282 898 326 nostris
919 281 1076 338 queris
1185 282 1278 338 (24)
1311 280 1403 325 Sed
1435 280 1599 332 dentes
1617 281 1803 325 nostras
1833 293 1926 336 que
1958 265 1988 363 j

233 344 354 390 vitia
383 343 435 386 in
472 341 539 386 eis
582 343 665 386 est.
705 341 903 385 reddam
939 340 1076 385 vobis
1124 353 1198 384 res
1222 339 1372 384 viciat
1393 339 1540 384 reddo
1564 338 1814 384 racionem.
1838 338 1927 384 hu·
1984 368 1988 386 ;

233 402 477 447 rationem.
493 400 605 456 quia
617 400 785 444 humor
799 401 873 444 est
888 398 1077 455 nequis·
1123 413 1226 443 mor
1255 398 1544 455 nequissima
1568 397 1650 455 qui
1682 398 1740 444 de
1768 397 1926 455 capite

235 462 378 506 simus
388 461 427 517 ²⁹²)
466 459 549 515 qui
585 459 642 503 de
683 458 839 515 capite
887 459 1077 503 descen·
1127 457 1383 503 descendit.
1409 458 1535 502 unde
1552 460 1602 503 et
1624 459 1833 502 auttores
1858 457 1927 502 sic

237 520 319 564 dit.
339 518 461 563 sicut
477 531 634 562 omnes
652 519 840 562 autores
859 516 1078 562 dixerunt
1126 517 1346 562 dixerunt
1375 517 1567 561 Iustus
1594 516 1716 562 dixit
1737 516 1928 562 maliter

233 576 530 623 melliadis
556 576 689 622 dixit.
722 576 865 636 me<o
885 576 1078 637 eorr.>l-
1126 576 1322 621 asiduae
1375 578 1513 633 petra
1567 590 1697 622 cava.
1751 574 1927 620 tumidi

234 637 346 681 lidis
385 635 614 680 adsiduae
651 638 788 692 petra
827 637 962 680 curat
991 635 1078 679 hu·
1124 638 1275 693 gutta.
1310 635 1420 696 <hic
1442 637 1548 681 add.
1567 650 1682 681 corr.
1698 638 1820 681 inter
1843 636 1924 680 lin.

234 696 364 740 mida
394 696 533 751 gutta
566 694 882 755 aristoto<e
903 695 1078 754 corr.>-
1127 696 1156 740 S
1174 695 1285 740 alu
1303 709 1324 739 s
1341 697 1363 739 t
1378 694 1396 738 i
1412 710 1443 738 u
1460 709 1481 738 s
1551 695 1623 739 ait
1684 693 1926 739 stillicidio

235 755 308 798 lis
341 753 475 799 dixit.
510 753 738 798 stilicidia
761 754 986 811 guttandi
1010 753 1079 798 la-
1125 755 1298 812 gutta>
1342 753 1564 798 instando
1603 753 1814 811 lapidem
1851 767 1929 798 ca-

232 814 393 871 pidem
423 814 571 857 cavet.
604 812 763 869 lupio
789 812 911 857 dixit
940 815 1079 870 gutta
1124 816 1217 859 vet.
1251 813 1538 870 Virgilius
1572 812 1642 858 ait
1673 815 1811 870 gutta
1851 826 1929 857 ca-

233 874 369 917 cavet
399 871 609 928 lapidem
639 886 734 916 non
772 886 946 929 ponere
979 874 1076 930 (leq.
1125 876 1206 918 vet
1235 872 1457 930 lapidem.
1490 886 1586 917 non
1615 872 1808 917 viribus.
1844 871 1929 916 sed

232 931 455 989 pondere)
504 931 586 975 sed
631 931 789 988 potius
838 945 947 988 sepe
1003 945 1079 975 ca·
1127 946 1236 989 sepe
1262 932 1486 976 cadendo.
1512 932 1692 976 Humor
1715 945 1826 988 ergo
1851 944 1927 975 ca-

235 991 439 1035 dendum
469 992 629 1034 tamen
667 990 837 1047 capitis
869 990 1078 1034 humoris
1125 991 1240 1049 pitis
1259 1006 1366 1036 cum
1380 1005 1430 1036 re
1447 990 1597 1035 semul
1614 990 1820 1035 desudet.
1845 990 1929 1034 sed

234 1051 317 1094 sed
364 1063 412 1093 se
453 1048 727 1094 diffunderit
765 1050 882 1094 facit
920 1049 1080 1094 ulcera
1126 1051 1178 1095 in
1201 1053 1308 1095 611136
1324 1050 1443 1095 facit
1458 1049 1656 1095 vulnera
1679 1049 1926 1100 amariora.

235 1122 397 1154 amara
442 1108 494 1151 in
535 1108 704 1165 capite.
755 1108 984 1166 alopicias
1033 1110 1081 1153 et
1128 1109 1345 1167 alopicia.
1389 1109 1496 1154 Sive
1535 1109 1586 1153 in
1626 1123 1816 1167 sporum
1848 1108 1929 1152 do-

233 1167 407 1212 nimius
444 1166 627 1211 dolores
667 1168 825 1212 omnia
865 1182 946 1212 ora
976 1168 1080 1225 pul·
1127 1170 1276 1214 lorem
1300 1168 1471 1225 capitis
1495 1168 1573 1213 vel
1603 1168 1837 1226 virginem
1859 1167 1930 1211 fa-

233 1241 425 1271 monum
456 1229 504 1270 et
541 1226 694 1271 tocius
739 1228 945 1284 corporis
978 1241 1081 1272 ver·
1129 1229 1205 1274 cit.
1238 1228 1291 1272 in
1322 1227 1470 1272 oculis
1494 1227 1725 1285 fervore(v
1749 1229 1931 1284 corr.)m

234 1286 435 1342 tiginem
465 1287 513 1329 et
545 1286 764 1330 tenebras
796 1286 915 1331 facit
947 1300 1081 1330 occu·
1127 1288 1343 1345 inpetum
1352 1287 1713 1344 lippytudinem.
1733 1288 1929 1343 generat

235 1345 399 1389 lorum.
461 1344 644 1389 fistulas
700 1346 785 1389 sub
839 1345 1081 1403 palpebris
1129 1347 1394 1404 caliginem.
1435 1346 1476 1390 si
1506 1346 1557 1390 in
1593 1346 1722 1390 naris
1761 1345 1930 1403 pulyp-

234 1405 383 1462 reu[s]
414 1403 660 1448 matismus
685 1408 882 1461 generat
914 1408 962 1449 et
993 1405 1082 1462 lip-
1126 1422 1240 1464 pum
1272 1406 1312 1450 si
1344 1406 1395 1449 in
1433 1405 1652 1450 maxillas
1684 1405 1928 1449 fervorem.

235 1463 476 1520 pitudines
493 1463 709 1507 nutriunt
734 1467 782 1508 et
804 1464 1084 1522 capillorum
1130 1465 1451 1511 obtumiscunt
1493 1464 1708 1522 gengive.
1757 1464 1931 1508 Tumor

234 1524 374 1566 nocet
420 1524 468 1566 et
514 1522 740 1579 caligines
797 1526 844 1568 et
891 1523 1081 1568 alburas
1128 1525 1441 1583 gengivarum
1484 1525 1631 1568 donec
1673 1524 1789 1567 dant
1820 1523 1933 1566 den-
1966 1538 1971 1540 ”

237 1581 477 1625 oculorum
516 1584 564 1625 et
610 1582 814 1639 cyrirgia
851 1583 903 1626 in
944 1597 1081 1627 nares
1130 1585 1254 1629 cium
1285 1583 1459 1628 radicis
1491 1583 1601 1627 inde
1625 1583 1679 1626 fit
1702 1582 1759 1626 uf
1783 1582 1932 1638 quod-

236 1639 449 1697 polipum
472 1640 522 1683 in
548 1640 767 1685 dentibus
801 1656 969 1686 cancer
994 1643 1080 1686 sub
1130 1645 1236 1689 dem
1275 1642 1402 1700 cal<i
1426 1642 1694 1703 corr.>dum
1731 1641 1808 1686 vel
1850 1640 1931 1683 fri-

236 1699 401 1756 lingua
455 1700 582 1755 quod
629 1700 803 1745 dicitur
849 1716 967 1746 rana
1011 1701 1081 1745 ibi
1127 1703 1293 1761 gidum
1325 1704 1572 1746 contenere
1596 1715 1692 1745 non
1722 1701 1926 1757 possent.

236 1760 375 1802 nocet
422 1761 470 1802 et
518 1759 651 1803 dolor
699 1761 923 1805 dentium.
970 1760 1082 1805 inde
1394 1760 1662 1817 Explicit.

238 1817 549 1874 epilempticis
597 1818 864 1864 efficiuntur
911 1822 959 1864 et
997 1820 1081 1863 hu-

237 1876 735 1981 320533252¹2{isva”3¹?⁰
773 1879 1083 1982 ἓὲωξὲἓὲὲῗ

238 1993 398 2037 fauces
438 1994 605 2039 exinde
654 1996 984 2042 obtumiscunt.
1035 1999 1083 2041 et

241 2066 398 2096 omnes
423 2053 575 2111 vicine
593 2057 754 2110 partes
779 2055 906 2100 mala
923 2070 1083 2100 omnes

242 2111 488 2155 obtineant
512 2127 617 2155 cum
639 2114 884 2170 patiantur
913 2115 1083 2159 deinde

239 2169 294 2212 fit
316 2172 370 2213 ut
394 2170 576 2226 aliquid
598 2186 749 2228 neque
775 2173 983 2217 calidum
1005 2188 1084 2218 ne-

241 2242 330 2283 que
367 2228 594 2285 frigidum
632 2230 683 2274 in
726 2246 804 2276 ore
844 2232 1083 2276 continere

240 2300 335 2330 non
350 2290 559 2343 possunt.
587 2291 634 2332 et
659 2290 699 2332 si
724 2290 907 2345 aliquid
923 2294 1085 2347 gusta·-

241 2345 396 2389 verint
435 2346 598 2390 statim
635 2362 816 2392 morsus
856 2363 962 2392 cum
1002 2362 1084 2393 suo

243 2404 469 2459 sanguine
508 2405 742 2461 incipiunt
781 2408 1083 2452 commedere.

597 2611 729 2667 HG)
1246 2572 1250 2575 ’
1322 2562 1325 2565 ¹
1428 2612 1523 2656 HI
1534 2612 1623 2667 (D)

280 2782 286 2789 ⁸
364 2724 425 2791 ῗ*)
438 2725 658 2771 Aurelius
682 2729 707 2772 Z.
726 2730 791 2773 II
807 2731 860 2774 de
883 2732 1031 2775 tardis
1046 2733 1343 2788 passionibus
1360 2735 1419 2788 (q.
1446 2731 1488 2775 d.
1507 2728 1802 2786 Escolapius)
1826 2727 1935 2772 haec

245 2794 310 2824 sw
333 2787 444 2847 cztat
474 2798 507 2827 c.
535 2786 587 2828 X
606 2786 659 2829 de
683 2788 887 2832 dentium
908 2790 1036 2834 vitiis
1067 2825 1077 2834 .
1105 2826 1113 2835 .
1142 2827 1150 2834 .
1178 2789 1290 2845 quia
1320 2789 1488 2833 humor
1517 2789 1590 2832 est
1619 2785 1933 2843 nequissimus

248 2841 417 2904 eapitis
456 2842 537 2895 qui
569 2843 732 2908 dentes
763 2845 925 2902 vitiat,
969 2847 1092 2891 sicut
1123 2848 1523 2905 comparationem
1552 2846 1700 2903 ipsius
1731 2843 1932 2902 legendo

250 2896 511 2943 didicimus.
549 2900 794 2947 stillicidia
824 2906 1057 2960 guttando
1087 2908 1272 2962 petram
1303 2908 1454 2951 cavat.
1488 2906 1605 2950 item
1635 2903 1823 2949 assidue
1851 2915 1934 2960 pe-

248 2957 372 2998 tram
395 2958 534 3000 cavat
556 2957 751 3005 humida
773 2964 925 3019 gutta,
956 2977 1051 3008 non
1072 2965 1279 3021 pondere
1305 2965 1387 3009 sed
1418 2976 1557 3022 saepe
1586 2962 1797 3008 cadendo
1816 2961 1930 3019 (cod.
