1988 3184
203 158 312 212 356
816 158 957 203 ADD.
990 158 1304 203 BARBERIN.
1330 108 1344 126 ὴ

197 305 344 348 pusca
376 291 571 335 decocta
614 289 835 334 emendat
865 289 1083 345 fetorem,
1124 288 1164 332 si
1203 288 1306 346 ipse
1346 302 1482 333 aucus
1523 303 1631 334 cum
1661 290 1891 336 cocleario

197 357 353 402 mellis
384 356 616 401 mittatur.
650 355 767 399 item
788 355 992 399 hederae
1017 368 1155 398 sucus
1180 354 1362 399 colatus
1386 355 1580 399 naribus
1611 349 1890 402 infunditur:
1965 362 1968 367 '

197 424 314 467 item
354 421 688 467 aristolochiae
729 435 865 465 sucus
905 435 1010 464 cum
1048 434 1242 478 cypero,
1289 421 1367 465 vel
1415 422 1698 467 draconteae
1735 436 1894 467 semen
1986 419 1988 430 ²

196 504 303 534 cum
331 490 472 534 melle
503 489 696 533 inditur.
740 488 856 532 item
888 488 951 532 ad
987 487 1175 531 narium
1205 487 1579 544 graveolentiam
1611 489 1893 533 draconteae

151 564 173 598 5
199 570 335 600 sucus
368 570 473 599 cum
503 553 643 599 melle
667 553 946 611 infunditur,
979 563 1100 610 quae
1123 567 1197 598 res
1222 553 1368 598 etiam
1391 554 1709 599 carcinomata
1740 557 1891 600 sanat.

775 643 895 686 Item
926 643 996 686 ad
1026 642 1308 699 polypum.

313 717 577 761 Aeraminis
605 716 742 760 rubei
765 716 1016 760 limaturae
1040 727 1100 765 -ζ-
1123 717 1158 773 Ι,
1194 716 1478 760 ammoniaci
1501 728 1560 765 —1-
1582 717 1639 774 11,
1671 716 1891 761 aluminis

195 783 385 827 rotundi
417 795 477 832 ÷
499 784 566 828 III
600 786 649 828 et
682 783 807 827 aceti
830 783 950 827 acris
984 782 1166 839 cotylas
1193 783 1269 827 VI.
1305 782 1462 826 omnia
1494 782 1619 827 sicca
1647 785 1762 827 teris
1788 797 1894 827 cum

198 852 331 893 aceto
365 849 632 906 diligenter,
665 850 816 894 mittis
848 849 899 892 in
928 848 1152 905 pyxidem
1183 862 1370 893 aeream
1401 851 1450 893 et
1481 849 1636 906 agitas
1670 850 1727 893 de
1757 849 1893 906 virga

133 926 176 957 10
201 929 340 960 aerea
372 917 434 960 ad
467 916 613 961 solem
644 931 792 972 usque
835 916 945 960 dum
978 915 1190 960 siccetur.
1234 915 1404 959 deinde
1442 915 1556 959 teris
1587 915 1639 959 in
1668 915 1892 960 mortario

197 982 418 1026 thebaico
453 985 501 1027 et
531 983 720 1039 reponis
746 983 797 1026 in
819 996 932 1027 vase
962 981 1111 1026 fictili.
1146 982 1336 1036 quando
1369 983 1528 1025 autem
1560 996 1709 1039 curas,
1740 981 1892 1026 mittis

197 1048 440 1104 pulverem
470 1048 521 1091 in
551 1062 707 1104 penna
731 1048 842 1104 <vel
871 1048 922 1091 in
946 1062 1098 1091 canna
1130 1047 1331 1105 subtili>
1356 1049 1403 1091 et
1428 1047 1586 1092 sufflas
1610 1048 1661 1091 in
1683 1047 1892 1105 naribus,

109 1127 112 1130 ·
175 1113 269 1157 'ita
314 1116 476 1158 tamen
521 1116 575 1158 ut
621 1129 671 1158 os
720 1114 818 1159 eius
856 1114 987 1171 prius
1032 1128 1156 1170 aqua
1202 1113 1380 1171 frigida
1426 1113 1680 1171 impleatur
1726 1114 1892 1159 diebus

199 1179 560 1224 canicularibus.
605 1195 764 1225 mense
803 1194 913 1225 vero
962 1180 1217 1237 septembri
1264 1194 1425 1224 curare
1464 1180 1662 1237 incipies
1701 1180 1773 1225 ita
1809 1194 1894 1238 per

130 1253 173 1285 15
200 1245 299 1290 dies
318 1249 439 1291 tres.
475 1261 503 1290 a
533 1246 644 1291 vino
685 1249 733 1291 et
773 1260 911 1291 carne
944 1249 992 1291 et
1024 1261 1052 1290 a
1082 1246 1269 1304 frigidis
1313 1247 1571 1303 abstineat,
1613 1249 1783 1303 quarta
1816 1247 1892 1292 die

196 1326 291 1355 non
323 1315 469 1357 cenet.
511 1312 679 1368 quinta
717 1327 828 1357 vero
870 1313 1075 1370 accipiat
1106 1312 1289 1356 hieram
1319 1311 1611 1370 ArchigeniS.
1650 1315 1760 1370 post
1792 1312 1891 1357 dies

198 1381 357 1423 autem
380 1382 475 1422 tres
499 1394 673 1436 purgas
700 1381 842 1435 caput
867 1379 966 1423 eius
993 1379 1071 1424 sic.
1105 1378 1291 1422 ieiunus
1315 1392 1400 1435 per
1422 1378 1632 1423 triduum
1662 1379 1892 1424 masticen

197 1445 532 1489 commasticet.
559 1459 666 1488 cum
689 1445 786 1494 iam
810 1459 975 1502 spuere
1000 1444 1220 1502 coeperit,
1255 1444 1392 1488 addis
1416 1445 1491 1488 illi
1516 1446 1707 1490 stafidos
1733 1446 1890 1503 agrias

197 1525 396 1567 granum
418 1525 576 1567 unum,
608 1511 1218 1571 postssmodicum1alterum‚
1255 1511 1424 1555 deinde
1447 1512 1653 1569 tertium,
1687 1513 1750 1556 ad
1780 1512 1893 1556 ulti-

131 1585 173 1616 20
195 1591 323 1620 mum
366 1578 597 1632 quartum.
647 1578 757 1622 inde
803 1592 913 1622 vero
962 1579 1166 1623 secunda
1216 1578 1292 1622 die
1339 1578 1536 1635 incipies
1578 1579 1637 1623 ab
1676 1593 1769 1623 uno
1808 1593 1892 1635 per

199 1642 423 1700 ordinem,
458 1643 580 1687 sicut
610 1644 734 1701 heri,
767 1658 915 1700 usque
947 1646 1009 1689 ad
1041 1644 1258 1700 quintum
1288 1645 1544 1703 perveniet,
1578 1648 1626 1690 et
1655 1646 1745 1690 hoc
1777 1659 1891 1701 quo-

318 1773 340 1810 1
377 1768 416 1810 si
448 1768 550 1825 ipse
570 1770 684 1824 (cod.
710 1769 919 1825 Bambj:
951 1783 1089 1826 supse
1109 1772 1253 1827 (sic)‘r
1269 1772 1455 1827 (supsae
1479 1773 1545 1816 ed.
1572 1771 1700 1817 Plin.
1725 1772 1890 1829 Rom).

198 1841 305 1870 cum
351 1827 491 1871 melle
539 1830 587 1871 et
631 1842 735 1871 cum
782 1827 991 1872 cocleare
1037 1829 1201 1873 Bamb.
1394 1834 1510 1873 2-4
1555 1832 1664 1876 haec
1709 1846 1765 1876 ex
1811 1831 1888 1876 Ps.

198 1886 333 1930 Plin.
353 1901 401 1942 10-
427 1889 503 1942 23,
528 1890 724 1942 19—24,
756 1890 784 1930 3
817 1887 947 1944 Lips.
980 1889 1113 1932 habet
1131 1888 1282 1933 Marc.
1301 1893 1473 1945 9112,
1509 1890 1762 1935 16-19Η,
1791 1892 1893 1946 (ubi

196 1959 252 1989 εσυ
267 1946 326 1988 αῖ.
344 1946 469 1999 fonte
484 1948 638 1990 eadem
647 1947 931 2002 praeced‘emt
939 1961 988 2002 p.
999 1949 1104 2001 112,
1114 1949 1382 2003 7.13--16).
1408 1950 1463 2003 cf.
1475 1962 1618 2004 supra
1630 1950 1693 1993 ad
1702 1963 1750 2006 p.
1762 1952 1836 2004 45,
1848 1953 1889 1994 5.

197 2008 224 2046 3
250 2004 505 2064 astrologis
521 2020 558 2049 rr.
645 2009 674 2047 4
690 2004 870 2048 inditur
887 2006 948 2049 P:
973 2006 1188 2049 medetur
1210 2022 1247 2051 r.
1322 2005 1438 2050 item
1456 2010 1531 2062 (ex
1554 2008 1613 2051 al.
1638 2009 1694 2063 f.)
1722 2007 1785 2051 ad
1807 2021 1889 2051 na-

197 2061 319 2105 rium
364 2077 508 2119 grave
554 2063 703 2107 fetore
752 2063 987 2107 olentibus
1029 2065 1132 2120 (sic)
1166 2080 1192 2110 r
1224 2065 1359 2121 (Item
1406 2065 1469 2108 ad
1513 2065 1699 2109 narium
1744 2079 1889 2122 grave

198 2120 425 2164 olentiam
457 2123 510 2179 P,
542 2124 627 2167 ubi
659 2122 837 2166 —tium
868 2124 962 2167 cod.
996 2123 1073 2180 B).
1214 2128 1238 2166 7
1272 2123 1519 2168 amoniacu
1549 2139 1586 2169 r.
1709 2128 1735 2168 8
1769 2124 1889 2168 acris

200 2180 428 2236 (Bamb.):
461 2181 559 2224 acri
589 2183 677 2226 ΥΡ.
801 2181 958 2225 omnia
989 2195 1071 2226 om.
1105 2182 1158 2226 P.
1284 2187 1309 2225 9
1337 2182 1698 2240 diligentissime
1722 2184 1888 2229 Bamb.

317 2241 365 2282 et
395 2239 547 2283 mittis
580 2240 634 2284 P.
768 2240 992 2284 buxidem
1021 2241 1109 2285 ΥΡ.
1236 2245 1292 2284 10
1324 2242 1386 2285 ad
1418 2241 1564 2286 solem
1593 2243 1807 2287 rBamb.:
1839 2242 1891 2286 in

199 2296 296 2340 sole
329 2299 382 2342 P.
514 2298 658 2342 siccet
689 2299 853 2344 Bamb.
1008 2304 1061 2342 11
1095 2299 1284 2344 tebaico
1316 2300 1479 2345 Bamb.
1512 2302 1610 2358 (qui
1639 2302 1746 2346 add.
1782 2300 1889 2344 dili-

198 2358 400 2414 genter):
432 2357 624 2413 tybaico
655 2373 693 2414 r,
725 2372 808 2402 om.
843 2358 898 2402 P.
1003 2360 1050 2401 et
1080 2374 1127 2403 r:
1159 2360 1268 2414 post
1299 2358 1386 2402 hec
1418 2360 1471 2403 P.
1581 2373 1664 2403 vas
1688 2359 1825 2403 fictili
1848 2375 1886 2405 r.

200 2419 254 2457 12
287 2415 363 2458 vel
394 2415 424 2460 i.
459 2430 497 2461 0.
531 2416 696 2460 subtili
728 2418 834 2461 add.
869 2417 923 2461 P.
1134 2419 1183 2460 et
1213 2417 1439 2462 insuflans
1471 2417 1522 2461 in
1552 2432 1689 2462 nares
1721 2419 1888 2463 Bamb.

200 2475 351 2529 (aures
385 2474 458 2530 P).
599 2480 655 2518 14
688 2475 971 2532 septembrio
1002 2490 1040 2531 r,
1074 2476 1296 2520 setembri
1327 2477 1492 2521 Bamb.
1526 2476 1780 2533 (decembri
1813 2477 1888 2533 P).

201 2545 362 2576 curare
396 2533 457 2577 P:
491 2547 598 2577 cure
629 2549 666 2578 r.
770 2539 824 2578 16
858 2536 992 2578 cenet
1022 2549 1047 2578 r
1081 2535 1187 2590 (P):
1219 2537 1371 2579 cesset
1400 2536 1563 2580 Bamb.
1656 2535 1822 2591 quinta
1847 2536 1894 2579 P

200 2591 427 2646 (Bamb.).·
457 2592 546 2635 hoc
581 2594 683 2648 (sic)
717 2607 756 2637 r.
905 2592 1040 2636 hiera
1073 2595 1176 2649 (sic)
1210 2594 1399 2638 Bamb..·
1430 2608 1512 2639 om.
1545 2609 1584 2639 r.
1737 2593 1891 2638 archi-

200 2649 354 2704 genis:
388 2651 453 2694 sic
482 2652 671 2695 rBamb.
691 2653 868 2708 (geram
900 2651 1139 2708 antigonis
1171 2653 1244 2709 P).
1404 2657 1458 2696 17
1490 2654 1649 2697 autem
1682 2654 1786 2708 (sic)
1820 2653 1889 2697 P:

202 2710 324 2762 (post
355 2708 650 2766 Archigenis)
674 2725 710 2754 r.
803 2710 1049 2754 masticem
1078 2725 1116 2765 r,
1147 2724 1285 2755 —ces
1316 2712 1481 2756 Bamb.
1605 2715 1660 2754 18
1694 2711 1887 2756 stafidas

204 2767 308 2820 (sic)
343 2766 498 2822 agrias
529 2769 716 2813 Bamb.:
750 2768 1016 2826 stafisagria
1045 2784 1071 2813 r
1096 2769 1193 2825 (P).
1361 2775 1416 2814 19
1445 2771 1554 2826 post
1585 2770 1632 2813 P
1660 2770 1888 2826 (Bamb.).·

201 2835 285 2877 per
315 2838 352 2867 r.
535 2831 591 2869 20
622 2826 732 2870 inde
762 2843 808 2872 r:
841 2827 891 2870 in
923 2827 999 2871 die
1031 2828 1085 2872 P.
1260 2828 1466 2872 secunda
1498 2828 1574 2873 die
1604 2843 1650 2874 r:
1684 2829 1886 2873 secundo

203 2880 383 2937 Bamb.‚
417 2883 537 2926 —da
569 2884 622 2928 P.
746 2890 800 2928 21
835 2885 956 2929 sicut
986 2885 1088 2930 heri
1119 2901 1164 2931 r:
1196 2900 1279 2932 om.
1313 2888 1368 2932 P.
1501 2887 1738 2943 quintum:
1771 2901 1887 2935 corr.

205 2939 455 2993 quartum?
574 2942 816 2997 perveniet
839 2945 1002 2989 Bamb.
1031 2948 1133 3000 (om.
1167 2945 1251 3002 P):
1285 2960 1392 2991 —es
1422 2961 1460 2991 r.
1582 2946 1670 2991 hoc
1702 2959 1886 3002 quoque
