1950 3172
531 138 908 195 Euroms'ron
937 149 1362 192 FAENOMENON.
1702 186 1705 189 .
1751 145 1780 197 7

259 290 455 340 alumen
501 303 598 354 quo
643 288 909 337 infectores
961 291 1168 336 utuntur
1221 299 1333 334 cum
1385 298 1510 348 aqua
1556 289 1783 332 conteres

106 370 161 414 et
198 363 400 429 capillos
440 378 500 412 ex
544 362 638 411 hoc
683 360 926 410 infundes,
989 359 1118 424 quod
1155 372 1445 423 permanere
1492 356 1642 405 facies
1681 356 1783 405 dle-

109 437 204 489 bus
242 437 322 486 111.
366 441 537 501 postea
582 434 764 484 lavabis
811 449 870 483 ex
909 448 1032 498 aqua
1077 434 1131 481 in
1177 447 1272 496 qua
1323 432 1509 479 nitrum
1564 429 1782 478 solveris

109 526 227 560 sane
275 511 318 559 si
362 509 454 559 tibi
505 508 714 558 multum
759 506 965 556 rubrum
1010 507 1169 555 visum
1219 505 1389 570 fuerit,
1442 518 1502 552 ex
1557 518 1614 552 ea
1659 518 1784 567 aqua

110 583 292 633 lavabis
329 584 382 631 in
421 597 516 646 qua
553 580 799 630 cimoliam
834 585 1018 628 terram
1054 578 1330 628 resolveris,
1830 586 1851 620 5

257 657 308 704 si
354 654 670 704 candidare
725 658 916 702 autem
968 652 1140 718 vel-is,
1192 650 1512 700 hirundinum
1566 655 1783 698 stercore

106 743 223 779 cum
260 727 372 776 felle
410 729 603 776 taurino
643 727 854 775 contrito
884 725 991 774 loca
1022 726 1276 788 continges
1314 724 1635 788 frequentius
1698 722 1785 771 sed

108 801 229 850 haec
261 800 508 865 superflue
541 815 630 848 nos
663 799 889 847 ordinare
922 800 1252 847 certissimum
1284 803 1373 846 est.
1436 802 1656 845 ceterum
1687 794 1786 844 albi

107 873 402 939 prohibendi
441 879 555 922 sunt
592 874 756 937 potius
796 886 941 935 quam
979 870 1289 935 procurandi.

256 961 372 995 sane
413 948 456 994 si
494 947 759 1010 crispare
807 944 1036 1009 delectet,
1087 943 1291 992 asfodeli
1336 943 1528 991 radices
1574 944 1627 991 in
1672 943 1784 990 vino
1810 953 1853 985 ιο

108 1025 238 1069 teres
277 1025 326 1068 et
364 1034 423 1068 ex
461 1019 554 1068 hoc
593 1018 794 1083 capillos
834 1018 1120 1081 frequenter
1159 1016 1370 1065 inlinies.

502 1180 580 1229 ΙΙΙ.
619 1179 694 1228 De
735 1178 973 1244 capillis
1014 1178 1380 1227 cadentibus,
1828 1176 1857 1227 7

254 1283 498 1332 Instruam
537 1284 682 1331 etiam
724 1282 783 1330 de
817 1281 1004 1346 capillis
1044 1280 1331 1330 cadentibus
1343 1320 1357 1346 ,
1398 1282 1482 1344 qui
1522 1286 1605 1329 aut
1642 1280 1786 1344 longa

106 1357 412 1421 aegritudine
460 1362 542 1405 aut
587 1358 837 1404 nimietate
891 1356 1085 1419 vaporis
1140 1355 1371 1404 cadentes
1412 1359 1522 1403 ante
1579 1353 1785 1402 senilem

104 1435 314 1479 aetatem
367 1430 586 1478 nuditate
641 1434 786 1493 caput
839 1428 1035 1476 foedare
1093 1433 1406 1476 consuerunt.
1500 1427 1784 1476 ordinamus
1810 1438 1852 1470 15

107 1505 272 1567 itaque
319 1503 641 1552 confectionis
688 1517 864 1567 genus,
912 1516 1007 1565 quo
1054 1516 1154 1550 non
1194 1500 1352 1549 solum
1392 1501 1623 1549 cadentes
1670 1515 1784 1548 con-

106 1578 256 1625 tineri
293 1578 507 1640 possint,
554 1575 639 1623 sed
680 1576 826 1623 etiam
873 1575 997 1623 forte
1046 1576 1131 1637 qui
1170 1573 1440 1622 ceciderint
1476 1579 1783 1637 reparentur.

226 1766 248 1803 1
283 1758 429 1803 Aliud
460 1760 564 1804 add.
600 1759 695 1804 Gel.
730 1760 787 1815 (et
816 1760 885 1803 ita
914 1759 1044 1813 infra
1074 1760 1260 1814 saepius
1290 1772 1325 1803 c.
1352 1760 1409 1814 3).
1584 1757 1784 1802 conteris

106 1853 117 1863 .
146 1855 154 1863 .
182 1854 191 1863 .
216 1817 422 1861 infundis
447 1819 538 1862 rB.
660 1823 685 1860 2
718 1817 787 1861 ita.
817 1818 871 1861 ut
900 1815 951 1859 in
980 1816 1132 1860 mellis
1163 1816 1449 1873 pinguedine
1479 1816 1563 1860 fiat
1592 1817 1652 1861 rb
1685 1818 1783 1872 (om.

105 1878 153 1922 Β
187 1877 313 1933 Get).
442 1877 498 1931 cf.
535 1877 639 1921 Gal.
672 1876 811 1931 XIV,
843 1879 946 1920 392.
1083 1880 1109 1918 3
1143 1877 1339 1932 (postea)
1370 1889 1479 1919 vero
1512 1876 1618 1919 add.
1651 1877 1724 1919 rb.

105 1949 164 1979 ex
181 1948 303 1991 aqua
319 1934 368 1978 in
393 1949 486 1990 qua,
503 1936 548 1979 B
566 1937 665 1991 (om
687 1935 821 1991 Gela)
839 1948 945 1978 cum
962 1936 1035 1990 (ex
1050 1936 1090 1990 r)
1110 1947 1232 1990 aqua
1248 1934 1330 1977 ubi
1367 1936 1440 1979 rb.
1588 1933 1783 1978 nitrum:

105 1996 232 2050 apud
265 1995 338 2038 Ps.
367 1993 469 2038 Gal.
502 1995 690 2060 tovyt'ocg
721 1992 1016 2049 κεκαυμένος.
1115 1997 1144 2035 4
1176 1993 1215 2035 81
1245 1992 1335 2036 tibi
1366 1993 1566 2036 multum
1595 1992 1788 2036 rubrum

103 2052 257 2097 visum
294 2051 436 2096 fuerit
469 2053 578 2108 Gel,
613 2051 810 2154 81ἳ111111
839 2052 898 2111 r>
931 2051 1126 2095 rubeum
1157 2051 1357 2094 multum
1397 2051 1548 2096 visum
1587 2050 1729 2095 fuerit
1761 2053 1786 2096 b

106 2111 384 2169 <--rint;>
326 2112 384 2169 r>
395 2129 404 2154 :
439 2110 478 2153 81
507 2089 597 2154 tibi
627 2125 705 2154 11111
726 2112 826 2154 tum
855 2110 985 2154 rubri
1015 2110 1107 2154 visi
1137 2110 1310 2154 fuerint
1333 2111 1391 2154 Β.
1490 2115 1514 2154 6
1541 2109 1580 2152 81
1613 2125 1649 2154 6.
1676 2123 1716 2155 a.
1742 2125 1783 2155 V.

105 2170 152 2214 Β
185 2170 304 2215 Get..
336 2170 481 2213 Albos
514 2183 600 2226 cap
602 2169 709 2213 illos
742 2169 807 2212 sic
837 2168 981 2213 facies
1013 2185 1038 2213 r
1047 2171 1071 2213 b
1105 2171 1173 2226 (c).
1307 2171 1363 2224 cf.
1397 2169 1473 2212 Ps.
1511 2169 1612 2213 Gal.
1640 2170 1787 2224 XIV,

106 2231 210 2272 391.
354 2234 378 2271 7
411 2228 442 2272 l.
475 2242 511 2272 c
544 2185 600 2272 sp
608 2230 653 2272 B
687 2229 804 2273 Gela
838 2241 923 2285 cap
956 2227 1222 2284 frequenter
1253 2227 1480 2284 inungues
1507 2227 1622 2283 (—is
1647 2230 1686 2283 r)
1713 2229 1784 2272 br.

106 2285 190 2329 sed
218 2286 675 2342 haec—procurandi
698 2288 743 2330 B
770 2287 888 2331 Gela
920 2301 1002 2332 om.
1027 2302 1052 2331 r
1062 2289 1099 2331 b
1215 2290 1241 2329 8
1267 2288 1471 2329 ceterum
1495 2287 1591 2342 (sic)
1624 2287 1669 2330 Β
1691 2286 1785 2331 Gel.

110 2348 164 2386 10
205 2357 315 2388 86116
355 2358 389 2387 8.
430 2359 466 2389 c.
509 2345 709 2388 delectet
738 2346 783 2389 B
823 2345 1046 2400 (delectas
1089 2346 1224 2401 Gel.):
1266 2345 1440 2432 crispos
1482 2344 1547 2387 sic
1586 2343 1661 2387 fac
1701 2343 1786 2400 (fa-

105 2402 205 2504 8·
233 2404 304 2505 8
328 2403 538 2516 rr...
539 2403 905 2505 ...888
928 2406 1064 2519 88
1328 2402 1620 2516 888
1643 2403 1785 2517 88

105 2521 155 2564 et
185 2532 242 2563 ex
271 2518 316 2564 h.
359 2518 554 2575 capillos
593 2519 623 2564 f.
666 2518 838 2563 illinies
869 2522 927 2565 rb
961 2521 1076 2565 Gez.:
1118 2521 1166 2563 et
1211 2533 1266 2563 ex
1304 2519 1392 2562 hoc
1431 2519 1461 2563 f.
1500 2518 1708 2562 infundis
1741 2521 1786 2563 Β

106 2580 207 2635 (seq.
240 2578 346 2623 add.
377 2579 430 2621 in
461 2578 521 2622 br
553 2576 754 2634 Cipressi
783 2577 905 2634 pile.
927 2614 935 2622 .
956 2580 997 2635 .).
1087 2583 1138 2621 12
1165 2579 1291 2634 (Tit.)
1324 2578 1390 2625 De
1416 2591 1514 2634 cap.
1548 2577 1649 2622 cad.
1674 2578 1717 2620 II
1741 2580 1786 2622 B

106 2636 188 2692 (ΠΙ
221 2636 349 2693 Get),
381 2636 449 2679 De
482 2636 754 2679 cadentibus
789 2638 827 2692 b,
861 2647 942 2681 om.
975 2651 1012 2680 r.
1137 2640 1190 2679 13
1214 2636 1785 2681 Instruam—cadentibus

107 2696 152 2739 Β
188 2695 304 2739 Gel.:
337 2708 419 2739 om.
454 2695 513 2738 br
544 2696 609 2750 (et
640 2694 872 2738 adiutoria
897 2700 1002 2751 post
1033 2694 1177 2738 etiam
1208 2697 1312 2739 add.
1347 2695 1475 2751 Gel.).
1615 2698 1668 2738 15
1701 2710 1785 2738 nu-

108 2752 256 2796 ditate
296 2753 437 2808 caput
474 2754 651 2797 nudare
683 2751 779 2810 (sic)
812 2755 877 2809 B,
916 2753 1132 2797 nuditate
1164 2752 1325 2810 capilli
1356 2755 1461 2810 (pro
1501 2755 1658 2811 caput)
1690 2754 1785 2798 foe-

107 2811 219 2855 dare
245 2812 357 2878 661,
389 2811 583 2878 capillos
616 2813 698 2868 (sic
720 2826 808 2868 pro
841 2815 927 2869 cap
950 2814 981 2856 i.
1014 2813 1173 2869 caput)
1196 2812 1411 2857 nuditate
1444 2817 1531 2869 cas>
1561 2812 1721 2857 fedare
1746 2815 1784 2858 b.

109 2873 164 2913 16
196 2871 423 2914 contineri
451 2872 511 2915 rb
546 2871 663 2916 Gel.:
694 2870 924 2928 possideri
955 2872 1013 2915 Β.
1144 2876 1196 2915 17
1230 2871 1349 2916 forte
1372 2873 1418 2916 Β
1452 2872 1570 2917 Gal:
1604 2886 1686 2917 om.
1712 2873 1784 2917 br.

106 2929 380 2985 reparentur
410 2929 544 2975 Bbr:
575 2928 783 2987 reparari
813 2931 965 2987 (corr.)
999 2930 1094 2975 Gel.
