1988 3184
142 89 143 93 ’
194 76 306 131 400
511 64 513 66 ’
590 72 906 120 APPENDIX't
923 68 1507 120 mmmmm
1851 34 1905 70 φῇ
1933 51 1941 71 .

110 214 217 268 216
345 215 424 264 Ad
455 215 807 264 dentionem
846 214 1178 263 infantium.
1220 213 1369 263 catuli
1406 213 1530 263 dens
1563 215 1607 263 si
1643 222 1763 265 ‘casu
1789 215 1884 266 ⁴de-

192 290 343 356 eidat,
399 284 735 338 dentientibus
774 287 1046 337 infantibus
1093 286 1331 337 auxilium
1376 293 1607 353 praestat.
1656 294 1706 338 et
1745 289 1884 355 equi—

191 379 285 413 nus
324 363 447 412 dens
489 378 577 412 seu
617 363 753 412 canis
792 361 871 411 vel
902 361 1043 411 vituli
1081 361 1393 411 auxiliantur.
1435 368 1485 411 et
1523 364 1566 412 si
1603 364 1736 412 muri
1773 365 1884 412 vivo

191 438 362 487 licium
407 452 498 502 per
544 452 687 486 acum
733 438 786 485 in
834 451 918 485 ore
957 437 1158 485 traicias
1198 442 1247 485 et
1299 452 1390 501 per
1428 437 1653 486 intestini
1690 443 1883 502 postre-

192 526 324 561 mam
362 516 555 576 partem
595 511 779 560 adicias
819 516 869 559 et
907 509 1042 559 filum
1083 509 1208 559 eollo
1242 510 1528 575 suspendas,
1928 521 1950 554 5

311 673 334 711 1
370 667 641 712 dentionem
674 669 777 724 (sie)
804 668 850 711 B
875 666 1216 737 (dentitionem
1236 668 1335 725 ed..)
1465 673 1492 711 2
1525 667 1786 712 auxiliatur
1813 669 1881 713 ed.

192 731 217 771 5
252 727 532 784 susspendas
561 728 664 783 (sic)
692 728 752 772 B.
778 753 837 759 —
866 729 939 772 hic
968 728 1172 784 sequitm·
1195 728 1250 771 in
1278 728 1373 772 cod.
1399 727 1551 773 Brux.
1583 728 1706 772 alius
1735 729 1884 785 operis

192 788 319 845 Zonye
365 788 532 831 diversi
571 788 624 831 de
672 788 862 843 placitis
907 788 1182 832 medicorum
1233 787 1542 845 fraymeutum
1582 788 1656 844 (cf.
1692 787 1881 832 Aristot.

192 846 485 904 Pseudepiyr.
512 861 562 903 p.
588 849 717 903 379),
748 847 868 903 quod
898 847 978 891 hoe
1006 860 1100 891 uno
1134 847 1242 891 libri
1271 847 1409 891 huius
1440 848 1574 903 quasi
1604 847 1760 904 quarti
1790 848 1883 891 loeo

190 907 377 950 rubrica
408 920 510 950 cum
542 906 693 950 littera
718 906 1004 972 praeyrandi
1034 910 1183 950 textus
1213 906 1391 949 initiali
1405 904 1448 948 A
1467 906 1764 951 discernitw‘:
1794 904 1882 948 Hic

193 965 250 1008 de
276 964 451 1009 semine
478 963 605 1008 dicit.
640 963 755 1020 quid
787 963 861 1009 sit.
894 964 971 1008 vel
1001 964 1124 1008 unde
1147 963 1369 1008 nascitur.
1402 963 1669 1008 Alexander
1700 966 1884 1008 amator

190 1023 1008 1140 Zfissssuaffissssssssussffl51-ssss0-ssssss
1017 1025 1177 1152 &ZZZ
1202 1024 1882 1151 Ξῇῗῗῑέἔὲωξῗὲυέἒοῖἕέἓῖῗ

170 1144 311 1199 equod
338 1144 644 1201 frayme‘ntum
675 1143 757 1187 ubi
787 1143 936 1197 deficit
965 1144 1148 1200 payina
1176 1156 1324 1187 vacua
1353 1143 1642 1199 relinquitwr.
1680 1143 1884 1200 sequitwr

191 1203 243 1245 in
264 1203 369 1303 follii
393 1205 451 1246 54
478 1204 629 1258 (euius
651 1203 757 1247 item
774 1203 930 1258 prima
946 1203 1127 1260 payina
1151 1202 1257 1246 alba
1280 1205 1361 1257 est)
1382 1203 1563 1259 paqz'na
1593 1202 1739 1246 altera
1760 1200 1884 1245 liber

192 1274 302 1305 aure
323 1276 359 1304 11
389 1267 467 1306 etc.

570 1792 633 1836 In
662 1793 732 1836 his
762 1794 982 1849 eaecerrptis
1011 1793 1173 1837 medici
1202 1793 1406 1837 citantur
1436 1793 1505 1836 hi..-

195 1880 434 1924 Cornelius
453 1884 522 1925 38.
549 1885 618 1926 40.
648 1882 724 1936 (cf.
740 1881 879 1939 Gary.
896 1884 991 1937 30).
1082 1880 1218 1924 Musa
1249 1884 1319 1925 42.

194 1939 450 1996 Eugamius
484 1945 552 1984 39.
1082 1939 1448 1983 Nomenculator
1479 1944 1551 1983 37.

194 1998 423 2043 Eusebius
456 2003 528 2044 49.
1082 1998 1477 2055 Philosophianus
1511 2002 1579 2043 28.

195 2057 439 2102 Terentius
512 2058 834 2114 Eutychianus
905 2059 989 2113 (cf.
1082 2058 1320 2114 Porfyrius
1353 2063 1421 2102 52.

254 2118 405 2162 Marc.
431 2122 523 2173 14).
1083 2117 1298 2161 Titianus
1332 2119 1385 2174 (5³)
1420 2121 1488 2160 15.

194 2177 437 2233 Leoparda
468 2182 538 2223 36.
1082 2176 1390 2221 vindicianus
1425 2181 1494 2221 11.
1527 2178 1660 2233 (155³).

195 2235 438 2280 Metertius
472 2240 528 2293 (P)
563 2243 632 2282 44.
