1950 3172
108 580 178 658 75

151 694 171 725 6

131 916 141 929 ²
195 906 309 953 vino
351 905 617 953 commixto
657 903 902 968 patefacto
936 903 1126 951 orificio
1159 902 1353 951 vulneri
1391 905 1634 968 impones,
1698 911 1747 954 et
1779 921 1895 955 con-

130 989 173 1021 10

130 1356 172 1390 15

189 1817 378 1871 praebet
422 1816 565 1859 11101οω
599 1815 720 1870 Get„
762 1814 831 1858 De
869 1814 1094 1872 stirpibus
1138 1815 1321 1859 ossibus
1360 1815 1438 1860 vel
1475 1815 1585 1860 telis
1617 1816 1668 1859 in
1706 1829 1785 1860 ore
1822 1816 1915 1861 in->

198 99 273 154 80
714 101 1034 144 THEODORI
1063 101 1365 145 PRISOIANI

194 239 289 289 hoc
327 253 623 304 percussum
667 237 833 287 locum
877 242 1051 302 tanges
1097 235 1175 287 vel
1219 252 1365 287 nares
1413 239 1792 307 cuiuscumque,
1841 246 1898 292 et·

196 314 432 363 continuo
472 327 574 362 non
612 311 811 361 dolebit.

195 445 336 496 XXV.
397 444 474 494 De
522 443 820 509 stirpibus
868 443 962 493 vel
1008 443 1248 493 ossibus
1295 444 1389 493 vel
1437 444 1580 494 telis
1627 447 1754 497 ictu
1798 447 1893 499 vel

196 519 312 569 alio
353 518 624 584 quolibet
670 533 811 568 casu
859 519 1128 582 receptis
1170 523 1226 567 et
1265 517 1480 568 celatis
1526 521 1587 568 in
1626 535 1891 586 corpore.

344 606 609 672 Tithymali
639 608 842 656 maioris
874 606 1048 655 molles
1074 612 1124 656 et
1146 606 1332 655 virides
1358 622 1418 656 ex
1443 610 1697 658 cacumine
1727 625 1893 675 cymas

196 681 339 731 tolles
388 687 438 731 et
482 681 570 730 has
619 680 792 730 calidis
838 683 890 730 in
948 680 1200 730 cineribus
1256 680 1473 730 subicies
1529 687 1578 730 et
1630 688 1894 748 postquam

196 755 482 805 combustae
522 755 730 823 fuerint,
776 756 1013 820 proiectis
1053 754 1324 804 corticibus
1365 755 1595 805 encardia
1634 757 1737 806 sola
1777 773 1893 807 con-

194 830 375 879 tundes
411 835 461 878 et
493 845 666 879 eorum
704 829 961 894 pulverem
1000 827 1147 877 alfitis
1180 844 1240 877 ex
1274 844 1430 894 aequo
1464 830 1811 881 commiscehis
1844 838 1895 883 et

196 979 336 1027 tinuo
368 977 523 1027 telum
555 983 638 1026 aut
677 977 809 1026 aliud
842 977 974 1042 quod
1014 977 1140 1026 forte
1174 976 1259 1026 diu
1298 976 1501 1026 latuerit
1534 977 1839 1029 excludetur.

342 1051 488 1112 aliud.
560 1051 902 1100 aristolochiae
942 1050 1104 1115 pulvis
1143 1051 1387 1115 patefacto
1427 1051 1622 1101 vulneri
1662 1053 1891 1103 similiter

192 1125 523 1190 imponendus
564 1131 655 1191 est,
696 1131 744 1174 et
775 1124 993 1174 velocius
1028 1124 1210 1174 exiliet.
1274 1127 1346 1173 sic
1379 1127 1527 1175 etiam
1560 1126 1620 1175 de
1654 1127 1892 1177 dictamni
1921 1158 1924 1163 ·

193 1199 325 1248 foliis
350 1199 428 1249 vel
458 1199 709 1248 radicibus
744 1201 965 1248 contusis
997 1198 1213 1248 velocius
1246 1199 1356 1248 fieri
1388 1202 1645 1249 consuevit
1678 1217 1891 1251 secun·
1922 1258 1924 1263 ¹

196 1273 328 1323 dum
374 1279 643 1322 veterum
690 1273 862 1322 dicta.
940 1273 1223 1338 hyoscyami
1270 1288 1440 1323 semen
1488 1280 1751 1325 contusum
1795 1290 1894 1325 una

197 1363 309 1397 cum
352 1347 639 1396 chalcantho
679 1347 874 1396 vulneri
921 1349 1201 1412 appositum
1249 1347 1480 1397 similiter
1519 1356 1764 1413 operatur.
1843 1355 1893 1399 et

195 1420 408 1471 lacertae
450 1427 598 1486 caput
645 1427 908 1470 contusum
953 1427 1003 1470 et
1048 1422 1337 1485 impositum
1383 1422 1707 1472 secundum
1746 1424 1893 1488 fysi-

196 1511 297 1544 cos
337 1496 431 1544 hoc
471 1495 604 1544 idem
642 1495 772 1544 facit.

345 1571 387 1618 si
425 1585 542 1618 vero
583 1571 636 1618 in
674 1569 899 1618 faucibus
937 1584 992 1617 os
1033 1575 1117 1618 aut
1156 1568 1343 1633 aliquid
1383 1569 1675 1637 inhaeserit,
1715 1585 1892 1636 aquam

316 1702 339 1739 1
375 1696 691 1752 cuiuscunque
715 1712 760 1741 r:
794 1696 838 1740 ei
863 1698 969 1753 (pro
1002 1694 1068 1740 ei⁹
1094 1718 1150 1733 =
1176 1695 1296 1754 eius)
1320 1698 1358 1741 b.
1477 1702 1501 1740 2
1526 1711 1621 1741 non
1645 1697 1825 1742 dolebit
1846 1713 1891 1744 r:
1920 1688 1922 1690 ⁵

197 1755 381 1799 desinet
412 1755 545 1799 dolor
576 1757 601 1800 b
625 1758 694 1813 (c).
804 1760 830 1798 3
862 1756 930 1800 De
963 1755 1188 1814 stirpibus
1221 1755 1298 1800 vel
1330 1755 1514 1800 ossibus
1546 1756 1700 1800 infixis
1732 1759 1798 1803 sic
1821 1760 1891 1804 tit.

196 1873 468 1917 herentibus
502 1875 527 1918 b
559 1874 633 1930 (ef.
669 1874 726 1917 de
758 1873 912 1917 infixis
947 1873 1128 1932 corpori
1160 1875 1255 1919 Sim
1286 1876 1390 1919 Ian.
1424 1889 1458 1919 s.
1492 1874 1796 1933 incardium),
1823 1876 1892 1921 De

195 1932 413 1989 turpibus
459 1932 662 1989 receptis
695 1934 743 1976 et
780 1931 1040 1977 latentibus
1073 1933 1245 1977 XXIIII
1276 1934 1322 1976 B
1335 1969 1345 1989 ‚
1395 1935 1726 1990 amplissimum
1764 1950 1893 1992 quem

195 1993 302 2036 dedi
331 2007 357 2036 r
388 1993 486 2048 (qui
515 1992 703 2036 rubrica
733 1993 951 2036 scribitur
980 2007 1120 2048 usque
1150 1994 1213 2037 ad
1240 2007 1282 2036 v.
1316 1991 1400 2035 icti
1429 1994 1524 2048 sic).
1647 1997 1673 2036 5
1689 1993 1834 2038 cimas
1865 2010 1892 2040 r

195 2049 360 2107 (cimas
391 2063 448 2094 ex
479 2050 721 2094 cacumine
744 2053 810 2095 sic
834 2052 876 2106 b)
909 2052 966 2106 cf.
992 2051 1120 2096 Plin.
1147 2056 1229 2106 26,
1253 2055 1337 2096 62:
1369 2050 1577 2095 turiones
1601 2052 1660 2097 Β.
1754 2057 1780 2096 6
1801 2052 1891 2097 tol·
1912 2102 1915 2103 ⁷

195 2107 256 2152 118
281 2111 321 2154 b.
474 2109 561 2152 has
593 2111 677 2154 rb:
709 2109 794 2153 hos
827 2110 885 2154 B.
1060 2111 1226 2167 postea
1258 2123 1401 2165 quam
1433 2109 1640 2154 emollite
1664 2110 1696 2157 f.
1730 2113 1767 2156 b.

197 2173 220 2211 7
249 2167 481 2212 combusti
504 2168 563 2224 B,
599 2169 703 2211 —te
735 2184 771 2212 r.
955 2169 1207 2213 corticibus
1239 2167 1454 2212 incardia
1485 2168 1587 2213 sola
1616 2171 1698 2215 rb:
1744 2171 1889 2215 sordi—

196 2227 356 2271 ciebus
387 2226 706 2271 incardiasola
737 2228 795 2271 B.
994 2227 1244 2272 contundis
1276 2229 1410 2273 rbB:
1594 2233 1620 2273 8
1653 2231 1702 2274 et
1732 2243 1891 2274 eorum

194 2285 437 2343 pulverem
469 2285 612 2330 alfitis
645 2300 702 2330 ex
733 2300 853 2344 equo
886 2286 1102 2331 comiscis
1125 2303 1163 2344 r,
1198 2288 1246 2331 et
1277 2301 1314 2332 e.
1340 2287 1525 2344 pulveri
1549 2287 1732 2332 alfitam
1763 2289 1890 2333 simi-

194 2345 304 2389 liter
334 2344 551 2388 immittis
583 2346 630 2389 B
647 2346 714 2403 (et
743 2345 816 2389 his
850 2345 982 2389 alfita
1013 2360 1071 2390 ex
1102 2360 1251 2403 aequo
1284 2346 1508 2391 0611118008
1533 2349 1590 2404 b).
1714 2352 1740 2392 9
1766 2362 1889 2393 com-

194 2404 346 2449 mixta
376 2406 436 2449 B.
587 2420 633 2462 p.
666 2418 745 2448 ore
774 2404 959 2448 vulneri
987 2405 1143 2462 iponis
1169 2408 1208 2450 b.
1381 2410 1434 2450 10
1459 2406 1580 2450 forte
1611 2408 1695 2452 rb:
1728 2421 1810 2452 om.
1843 2408 1891 2452 B

195 2463 387 2520 (latebit
418 2462 699 2508 discluditur
715 2465 772 2520 b).
841 2508 845 2516 ,
943 2469 995 2507 11
1032 2463 1164 2508 aliud
1194 2465 1378 2508 B:'aut
1407 2481 1445 2521 r,
1478 2480 1561 2510 om.
1595 2467 1634 2511 b.
1785 2466 1888 2524 pul-

194 2537 353 2567 verem
386 2561 394 2568 .
417 2560 424 2568 .
446 2561 454 2569 .
480 2523 816 2580 imponendum
848 2524 920 2567 est
949 2538 986 2568 r.
1139 2524 1380 2580 patefacto
1412 2524 1597 2568 vulneri
1625 2526 1726 2570 rB:
1756 2526 1890 2582 patc-

194 2582 321 2627 facto
347 2596 425 2627 ore
448 2581 633 2626 vulneri
657 2584 695 2627 b.
818 2582 1074 2640 (pulverem
1100 2617 1109 2626 .
1130 2620 1138 2628 .
1160 2584 1188 2639 .)
1213 2597 1247 2627 8.
1280 2589 1435 2640 ipone.
1469 2585 1516 2628 et
1547 2583 1761 2628 celeriter
1784 2597 1822 2629 0.
1848 2585 1902 2630 b.

198 2675 250 2714 12
286 2671 343 2715 de
375 2672 476 2716 bB:
509 2686 591 2716 om.
625 2686 663 2716 r.
787 2675 842 2714 13
873 2670 975 2715 fieri
1005 2684 1128 2716 cons,
1162 2671 1229 2715 B:
1263 2673 1402 2715 sanat
1431 2673 1470 2717 b.
1595 2677 1651 2716 14
1682 2653 1812 2727 digta
1841 2669 1905 2722 rzj

193 2729 466 2774 testimonia
496 2731 543 2774 B
566 2732 666 2787 (om.
701 2731 758 2788 b).
849 2729 1108 2786 Iusquiami
1139 2731 1219 2775 rb:
1251 2730 1313 2773 Et
1337 2731 1570 2775 eusosami
1593 2732 1651 2777 B.
1740 2736 1795 2775 16
1818 2730 1887 2776 la-

195 2790 320 2848 certe
351 2791 433 2834 rb:
465 2788 632 2833 lacerti
663 2790 722 2835 B.
847 2793 901 2833 17
934 2790 1023 2834 hoc
1052 2789 1179 2833 idem
1209 2791 1291 2834 rb:
1325 2789 1544 2834 similiter
1566 2792 1631 2845 VB.
1749 2795 1804 2834 18
1835 2803 1891 2835 os

195 2848 279 2890 aut
302 2846 486 2903 aliquid
508 2847 702 2902 ineserit
724 2864 770 2905 r,
804 2862 962 2893 ossum
986 2847 1117 2892 aliud
1148 2847 1341 2904 aliquod
1365 2848 1484 2906 (dlio‘
1510 2849 1631 2909 aliq)
1662 2848 1867 2894 inheseri

195 2907 241 2951 b:
275 2906 457 2962 aliquid
488 2906 629 2950 inerit
659 2909 717 2953 B.
