1950 3172
390 122 393 125 ⁵
461 152 850 196 EUPORISTON
871 151 1300 195 FAmmMENON.
1658 147 1733 202 49

1365 249 1390 269 Δ

43 304 46 315 ¹
110 300 113 302 ’
170 294 323 359 erint,
369 290 585 340 cedriam
623 292 676 339 in
714 304 800 338 ore
837 293 1025 354 teneat,
1071 294 1121 337 et
1159 289 1390 337 continuo
1430 289 1732 352 mitigantur.

43 361 112 419 iffi
134 379 253 416 vero
291 364 448 415 molae
487 363 756 428 doluerint,
797 363 1091 428 parietariae
1129 361 1311 411 radicis
1352 376 1500 410 sucus
1539 364 1592 410 in
1630 361 1732 411 hal-

49 442 159 491 neis
200 454 285 489 ore
325 440 650 503 contineatur,
696 442 746 485 et
784 428 1227 485 statim'medetur.
1302 434 1381 484 vel
1420 437 1463 484 si
1502 437 1555 484 in
1594 440 1732 485 aceto

49 513 223 564 eadem
275 511 414 561 radix
468 515 708 575 coquatur
761 515 809 559 et
859 508 1089 559 similiter
1135 507 1436 558 adhibeatur.
1522 524 1636 558 nam
1684 515 1733 558 et

49 586 274 652 pyrethri·
309 585 448 635 radix
485 583 672 648 profuit
709 588 920 632 massata
952 584 1199 631 continu0.
1269 581 1478 647 alcyonii
1509 582 1658 631 radix'
1680 584 1734 631 in
1779 592 1802 624 5

51 658 346 710 carbonibus
392 659 551 722 posita
598 656 771 705 dentes
817 655 1038 704 dolentes
1085 655 1368 719 fumigando
1416 658 1734 720 compescuit.

51 738 105 783 et
154 733 289 782 canis
344 730 465 779 dens
521 728 805 778 combustus
861 728 1089 778 similiter
1141 729 1340 793 profuit.
1419 735 1467 778 et
1514 731 1556 778 si
1607 731 1736 779 aeris

50 805 224 855 flerem
273 806 325 852 in
373 803 480 852 oleo
527 804 700 851 tritum
748 801 979 850 dentibus
1026 801 1306 868 admoveaS‚
1354 809 1404 851 et
1449 802 1523 852 lac
1570 805 1736 852 asinae

50 893 226 928 recens
264 877 486 941 tepidum
525 876 820 939 constringit
859 880 908 924 et
945 876 1136 939 mitigat
1176 877 1423 925 continuo,

199 965 378 1030 quibus
419 965 543 1014 forte
582 970 753 1029 putres
794 979 1028 1013 cavernae
1070 963 1373 1030 obvenerint,
1412 964 1736 1013 melanthium
1752 960 1824 1013 47

49 1039 251 1089 frictum
296 1040 348 1087 in
396 1043 532 1087 aceto
580 1039 897 1087 commixtum
937 1037 1096 1086 isdem
1136 1039 1358 1086 cavernis
1399 1040 1648 1103 opponit0‚
1689 1044 1738 1087 et
1763 1050 1805 1081 11

48 1113 194 1178 piper
232 1113 404 1161 tritum
444 1110 649 1176 galbano
689 1117 772 1160 aut
811 1112 990 1160 storaci
1030 1113 1351 1160 commixtum
1385 1111 1625 1160 similiter.
1689 1118 1739 1160 et

51 1187 94 1236 si
133 1186 237 1235 solo
275 1185 476 1250 pulvere
516 1184 745 1234 aluminis
780 1186 924 1234 scissi
956 1184 1155 1234 easdem
1187 1200 1420 1233 cavernas
1454 1184 1737 1250 adimpleas

49 1259 142 1308 hoc
183 1265 232 1308 et
269 1258 505 1324 gallarum
543 1258 703 1323 pulvis
744 1273 855 1307 cum
894 1258 1039 1307 melle
1080 1260 1375 1307 commixtus
1415 1259 1545 1308 facit.

171 1478 195 1516 1
227 1475 388 1517 teneat
417 1474 516 1518 rB:
548 1474 742 1516 teneant
774 1473 906 1517 bGel.
1024 1478 1128 1529 post
1158 1472 1258 1517 mit.
1291 1474 1397 1517 add.
1432 1475 1478 1517 b:
1520 1474 1568 1517 et
1598 1472 1741 1516 mirta

51 1532 103 1576 in
134 1531 244 1576 vino
277 1534 411 1575 cocta
442 1531 659 1575 similiter
690 1533 837 1575 curat.
985 1536 1010 1574 2
1044 1531 1082 1574 si
1109 1532 1265 1577 bGel.:
1300 1531 1372 1574 sin
1403 1533 1495 1576 rB.
1617 1531 1741 1591 mole

51 1606 77 1636 r
96 1591 217 1636 Get:
250 1590 373 1648 male
405 1590 499 1635 Bb.
644 1589 878 1634 doluerint
914 1590 1008 1635 Get.
1042 1589 1325 1647 (depluerint
1358 1592 1420 1647 b):
1455 1590 1617 1635 dolent
1647 1591 1739 1635 rB.

0 1664 3 1690 ι
49 1649 223 1693 herbae
255 1650 359 1693 add.
402 1651 523 1705 (ante
562 1649 718 1705 parit.)
749 1649 794 1692 Β
826 1654 868 1693 et
898 1651 1021 1704 (post
1050 1648 1207 1706 parit.)
1241 1651 1266 1693 b
1298 1651 1408 1705 (non
1439 1664 1464 1693 r
1482 1650 1609 1706 θεῖ.)

52 1707 236 1752 balneis
267 1708 325 1752 rb
346 1707 464 1752 Gela
496 1707 666 1751 balneo
698 1708 744 1751 Β
908 1712 934 1750 3
966 1707 1042 1751 vel
1075 1710 1121 1753 b:
1155 1709 1238 1751 aut
1268 1709 1360 1764 rB,
1395 1709 1441 1752 et
1474 1709 1569 1753 Gel.
1693 1708 1743 1751 in

55 1768 187 1810 aceto
220 1766 383 1810 eadem
413 1768 472 1810 rb
492 1766 611 1811 Gel.:
643 1766 693 1809 in
723 1766 887 1810 eodem
917 1767 975 1811 Β.
1121 1771 1149 1809 4
1181 1768 1409 1823 coquatur
1439 1769 1498 1812 rb
1517 1768 1634 1812 Θαὶς
1668 1781 1742 1811 co-

55 1825 216 1881 quitur
244 1825 303 1868 B.
513 1826 562 1867 et
593 1825 692 1870 sim.
728 1825 1007 1869 adhibeatur
1041 1826 1158 1871 Get:
1201 1826 1420 1870 similiter
1451 1828 1671 1883 operatur
1702 1828 1740 1882 b,

55 1897 139 1929 om.
171 1884 217 1927 Β
255 1885 352 1939 (ubi
391 1883 607 1927 similiter
646 1885 693 1927 et
730 1884 921 1941 piretri).
1124 1898 1235 1928 nam
1273 1887 1321 1928 et
1363 1886 1482 1931 Get:
1524 1887 1572 1929 et
1610 1887 1669 1930 rb
1683 1886 1741 1930 Β.

57 1946 84 1986 5
113 1943 322 1986 massata
353 1943 398 1986 B
417 1943 534 1987 Get:
577 1942 828 1986 masticata
859 1945 931 1987 rb.
1172 1946 1220 1987 et
1252 1943 1443 1987 alcionii
1475 1946 1520 2000 b,
1554 1959 1664 1988 nam
1697 1947 1744 1989 et

55 2001 280 2045 alchionii
310 2000 501 2058 (alcioni
531 2004 571 2057 r)
603 2002 702 2046 rB:
736 2003 783 2045 et
814 2001 934 2045 aizoi
968 2003 1064 2047 θεῖ,
1258 2007 1283 2045 6
1317 2003 1479 2047 dentes
1512 2003 1742 2060 (dolentes

57 2061 163 2105 add.
197 2062 259 2116 B)
290 2059 322 2104 f.
356 2074 393 2105 c.
426 2061 505 2104 rB
524 2060 642 2105 Get:
682 2074 760 2104 ore
797 2060 950 2104 fumus
991 2061 1090 2104 eius
1132 2063 1372 2119 susceptus
1413 2062 1625 2106 dentium
1664 2063 1744 2106 do-

3 2136 6 2139 *
55 2118 204 2163 lorem
234 2132 270 2162 c.
305 2120 342 2163 b.
446 2124 470 2162 7
496 2118 651 2162 Fisica
681 2120 802 2175 (arcte
835 2122 897 2176 et)
928 2121 1049 2164 solus
1080 2122 1140 2177 B,
1171 2123 1255 2165 ubi
1286 2123 1410 2177 (post
1441 2122 1745 2179 compescuit)

57 2179 105 2223 b:
129 2177 212 2221 sed
236 2178 284 2221 et
307 2177 364 2221 de
388 2177 643 2233 iusquiami
667 2178 840 2222 semine
862 2179 1042 2222 factum
1064 2180 1117 2222 ut
1147 2193 1287 2237 supra
1311 2180 1437 2223 idem
1459 2181 1637 2238 profuit
1646 2183 1744 2238 (sic)

47 2257 116 2279 ,--
138 2250 205 2293 yr.
232 2250 281 2292 p.
306 2239 410 2280 428.
532 2239 559 2279 8
583 2236 666 2280 flos
700 2239 770 2281 br.
899 2242 924 2280 9
955 2251 1043 2282 ree.
1076 2240 1169 2296 tep.
1195 2239 1327 2284 rGel.
1353 2241 1529 2295 (recens
1554 2254 1636 2285 om.
1665 2242 1746 2296 b.):

47 2295 108 2338 et
136 2307 294 2337 recens
321 2308 375 2338 ac
398 2293 610 2351 tepidum
624 2296 682 2340 Β.
773 2298 1020 2352 utrumque
1052 2297 1339 2341 adiutorium
1364 2300 1487 2354 (post
1517 2298 1746 2356 tepidum)

58 2353 164 2397 add.
201 2353 297 2397 Gel.
477 2354 542 2410 (et
579 2355 683 2398 add.
716 2356 812 2411 rB)
851 2355 1130 2413 constringit
1177 2358 1224 2400 et
1271 2356 1462 2413 mitigat
1500 2357 1746 2413 (continuo

60 2412 165 2456 add.
205 2411 320 2468 Gel)
351 2412 430 2455 rB
448 2412 565 2456 Gel.:
598 2412 817 2457 continuo
848 2414 1040 2471 mitigat
1071 2417 1112 2459 b.
1233 2419 1286 2458 10
1320 2415 1547 2459 Similiter
1578 2415 1746 2471 quibus

58 2470 157 2514 rBz
190 2471 290 2526 (om.
317 2469 548 2527 similiter)
581 2471 748 2526 quibus
779 2473 899 2517 forte
925 2475 964 2529 b,
998 2473 1073 2517 cui
1095 2473 1215 2517 forte
1243 2474 1339 2518 Gel.
1472 2478 1524 2517 11
1559 2474 1750 2518 frictum

58 2528 110 2572 in
140 2542 182 2572 a.
216 2542 252 2572 c.
290 2528 411 2585 Gal„
454 2529 656 2572 fractum
685 2530 850 2574 tritum
882 2532 929 2575 et
959 2532 1010 2575 in
1041 2546 1080 2576 a.
1115 2546 1152 2576 c.
1185 2548 1229 2577 r:
1271 2531 1446 2575 elixum
1477 2532 1527 2575 in
1559 2546 1599 2577 a.
1634 2547 1670 2578 c.
1705 2534 1750 2576 Β

59 2588 210 2644 (aceto
235 2587 488 2631 contritum
506 2589 542 2632 b.
562 2589 617 2643 cf.
637 2590 806 2645 τρίψας
827 2604 895 2647 yr.
906 2605 955 2646 p.
975 2593 1096 2647 358).
1218 2590 1370 2634 isdem
1386 2590 1586 2647 (hisdem
1610 2593 1635 2637 b
1651 2593 1747 2638 Get.

59 2660 142 2691 om.
175 2648 370 2703 r)-(12)
403 2646 704 2691 commixtum
734 2650 795 2693 rb
816 2649 935 2694 (ἱεὶς
967 2663 1049 2693 om.
1083 2650 1141 2694 Β.
1331 2650 1554 2707 opponito
1588 2652 1634 2696 b:
1669 2665 1750 2709 ap-

92 2704 192 2750 onit
226 2705 338 2762 Get,
369 2712 515 2762 ipone
542 2721 578 2750 r.
783 2711 834 2750 12
869 2709 953 2751 aut
983 2707 1076 2764 (vel
1107 2709 1149 2764 b)
1182 2709 1363 2768 storace
1396 2724 1421 2753 r
1453 2709 1573 2766 (-ci
1604 2712 1668 2767 b):
1703 2712 1750 2755 et

59 2765 240 2808 storace
274 2764 369 2810 Get.
514 2766 636 2821 (ante
667 2764 899 2823 similiter)
929 2765 1047 2811 facit
1077 2768 1181 2812 add.
1214 2782 1240 2812 r
1359 2769 1408 2811 et
1439 2768 1479 2811 si
1510 2768 1612 2813 solu
1644 2771 1749 2814 rB:

60 2824 110 2868 et
139 2822 181 2866 si
210 2822 363 2868 soluto
397 2823 494 2869 Gal.
528 2825 627 2879 (om.
661 2826 716 2880 b).
923 2829 976 2869 13
1010 2825 1143 2869 scissi
1173 2826 1220 2870 Β
1251 2826 1400 2883 (scisti
1433 2829 1495 2885 b):
1528 2843 1611 2873 om.
1649 2829 1749 2874 Get.

65 2881 569 2989 31rlientili.ssalgminis
603 2883 736 2926 scissi
766 2898 792 2928 r
822 2898 924 2939 cwm
954 2884 1062 2930 Sim.
1095 2886 1231 2942 Iam.)
1370 2886 1631 2944 adimpleas
1664 2902 1688 2932 r
1705 2888 1750 2931 Β

107 2955 130 2985 e
151 2959 183 2986 ‚z
217 2955 267 2998 ip
286 2954 312 2985 e
337 2954 363 2985 o
427 2977 436 2986 .

151 3022 371 3056 Theodorus
389 3023 607 3057 Priscianus
616 3049 625 3067 ,
651 3024 709 3057 ed.
732 3024 766 3056 R
776 3033 798 3057 o
808 3034 824 3057 a
834 3033 864 3057 e.
1460 3023 1489 3061 4
