1950 3172
795 129 1071 175 malcus,
1661 123 1768 177 149

90 267 382 335 hydromeli,
419 268 497 318 vel
536 270 694 333 apiata
733 269 777 317 si
807 268 971 334 fuerit,
1007 282 1108 316 non
1144 271 1365 331 negetur.
1433 266 1486 314 in
1515 264 1607 313 hac
1638 264 1772 312 enim

93 341 427 392 sollicitudine
467 344 569 392 vini
606 343 803 406 penitus
842 342 1176 406 praesumptio
1214 338 1520 404 prohibenda
1560 342 1648 386 est.

243 415 611 480 quiescentibus
657 417 823 479 itaque
879 413 1288 463 commotionibus
1333 428 1430 462 una
1485 426 1597 461 cum
1646 411 1772 459 acci-

96 488 327 538 dentibus
353 491 471 554 suiS,
502 488 725 538 ciborum
755 488 1016 537 humanior
1040 488 1298 553 ordinati0‚
1330 485 1538 550 simplex
1562 489 1775 533 attamen

96 567 146 610 et
199 561 494 626 digestibilis
549 561 819 610 ordinanda
866 563 973 610 erit.
1056 563 1155 609 iam
1207 561 1375 609 fricari
1426 558 1504 608 vel
1553 558 1775 607 exerceri
1819 566 1840 599 5

97 634 368 701 debebunt,
406 650 526 685 usus
571 641 736 684 tamen
781 636 977 683 veneris
1021 636 1219 699 penitus
1265 632 1577 682 inhibendus,
1655 629 1773 680 solis

98 707 231 757 calor
270 715 319 757 et
354 708 639 757 balnearum
678 707 945 757 calidarum
982 723 1132 771 vapor
1169 707 1410 756 arcendus
1450 711 1537 755 est.
1600 720 1773 754 cucur-

94 781 310 830 bitarum
355 781 595 830 beneficia
641 797 753 830 cum
800 782 1051 844 sanguinis
1098 780 1399 829 detractione
1447 780 1595 844 capiti
1640 778 1774 826 adhi-

94 853 255 903 benda
288 854 584 903 ordinamus.
645 853 880 903 ordinabo
913 854 1164 918 dropaceS‚
1198 852 1434 901 ordinabo
1468 854 1614 901 etiam
1648 853 1775 900 sina-

95 928 332 994 pismum,
387 933 437 976 et.
490 942 686 976 omnem
740 942 941 976 cursum
994 926 1231 991 cyclicum
1285 925 1616 975 adhibendum
1667 939 1776 973 esse
1802 934 1845 967 10

97 1000 292 1049 suadeo,
363 1003 483 1050 item
515 1016 654 1050 escae
694 1000 814 1049 locis
853 1000 1179 1064 imponendae
1221 1005 1336 1048 sunt
1373 1001 1610 1064 ustioneS,
1650 1003 1777 1046 arte-

97 1075 354 1123 riotomiae
408 1075 685 1140 faciendae,
740 1073 918 1138 quibus
972 1074 1098 1122 forte
1146 1075 1188 1122 si
1237 1088 1501 1138 possumus
1555 1072 1777 1120 funestae

97 1146 245 1196 huius
276 1149 522 1212 passionis
553 1149 969 1212 perseverantiam
1000 1162 1352 1196 removeamus,
1415 1147 1562 1195 huius
1596 1147 1778 1194 etenim

99 1235 275 1269 causae
329 1222 655 1284 magnitudini
706 1223 891 1270 maiora
939 1226 1053 1270 sunt
1107 1227 1157 1270 et
1208 1221 1485 1285 frequentia
1538 1219 1778 1268 adiutoria

98 1294 413 1357 providenda.
489 1310 602 1343 nam
649 1310 793 1359 quam
839 1294 1041 1358 plurimi
1088 1296 1412 1358 sapientiores
1467 1295 1614 1342 etiam
1660 1293 1776 1356 fysi-
1802 1300 1846 1333 15

100 1381 271 1415 corum
309 1367 552 1416 adiutoria
596 1368 937 1433 providerunt,
986 1370 1039 1416 in
1079 1368 1278 1433 quibUS‚
1316 1374 1372 1416 ut
1412 1368 1558 1416 etiam
1596 1381 1687 1414 nos
1727 1368 1779 1414 in

98 1446 305 1489 nostro
353 1440 561 1489 libello
608 1441 933 1505 fysicorum
980 1441 1465 1507 comprehendimus7
1510 1455 1685 1504 magna
1731 1445 1781 1488 et

98 1512 250 1562 veluti
288 1513 518 1577 religiosa
556 1514 773 1563 remedia
811 1520 1152 1578 procurarunt.

99 1683 144 1724 p.
173 1673 280 1724 148,
303 1673 358 1712 22
399 1669 547 1713 solam
576 1684 601 1713 r
626 1671 721 1725 (ubi
753 1676 875 1724 aqua
905 1671 951 1713 te
985 1669 1122 1725 sola),
1164 1668 1361 1713 solidam
1404 1670 1492 1714 Gal
1510 1686 1520 1711 ε
1562 1668 1782 1712 tonsilem

101 1727 148 1771 Β
180 1729 279 1784 (om.
306 1729 370 1784 b),
417 1730 498 1772 ubi
534 1727 729 1783 Aquam.
777 1728 1063 1783 hydromell'.
1103 1728 1179 1772 vel
1218 1727 1380 1785 apiata
1417 1727 1457 1771 si
1487 1727 1549 1784 f·).
1611 1727 1783 1771 bibunt

101 1792 206 1831 ante
235 1800 348 1831 corr.
383 1786 579 1843 (bibent)
610 1802 646 1831 r.

220 1849 246 1887 2
277 1844 569 1901 prohibenda
601 1847 626 1890 b
647 1846 759 1890 Gal:
798 1844 1065 1889 adhibenda
1095 1846 1156 1901 B,
1186 1845 1411 1902 fugienda
1441 1860 1478 1890 r.
1601 1851 1627 1889 3
1660 1859 1782 1889 com-

102 1903 387 1948 motionibus
428 1918 521 1948 una
561 1918 596 1948 0.
638 1918 731 1948 acc.
774 1903 870 1947 suis
906 1919 951 1949 r:
998 1904 1121 1948 unde
1169 1903 1555 1948 commotionibus
1603 1903 1697 1947 suis
1736 1905 1781 1947 Β

104 1963 236 2017 (3-6
268 1977 349 2007 om.
383 1964 409 2006 b
441 1965 521 2019 qui
549 1964 725 2019 reliqua
754 1965 807 2007 i‘n
838 1964 1014 2008 brevius
1043 1965 1269 2008 contrahit
1292 1986 1348 2000 =-
1375 1963 1498 2019 Gal).
1621 1969 1646 2007 6
1671 1977 1782 2006 usus

101 2022 261 2064 tamen
301 2021 484 2065 veneris
524 2023 699 2077 (cursus
741 2023 901 2066 tamen
937 2022 1184 2066 vehemens
1224 2023 1385 2079 Neu.):
1434 2021 1581 2080 Cigsus
1623 2023 1783 2065 tamen

101 2079 309 2122 ventrius
334 2081 380 2123 Β
406 2082 503 2137 (om.
531 2082 555 2125 b
587 2095 688 2125 cum
710 2095 748 2125 v.
769 2083 917 2137 3—6).
1003 2086 1027 2124 7
1054 2081 1181 2124 calor
1204 2082 1229 2125 b
1250 2082 1338 2127 Gal
1355 2117 1366 2137 ‚
1399 2081 1601 2124 calorem
1624 2096 1672 2126 r:
1707 2094 1780 2124 ca-

103 2136 286 2180 lidioris
303 2139 362 2182 Β.
562 2140 609 2182 et
639 2153 721 2183 om.
753 2154 790 2183 r.
968 2139 1242 2183 balnearum
1272 2141 1350 2184 rB
1371 2140 1485 2186 Gal:
1519 2154 1709 2183 ——orum
1742 2141 1780 2184 b.

103 2199 131 2238 8
162 2198 338 2252 reliqua
370 2198 495 2253 (post
526 2197 843 2241 adhibendum
873 2199 945 2241 est
968 2220 1023 2235 =
1050 2200 1092 2255 b)
1116 2213 1199 2244 om.
1235 2198 1342 2244 Gal.
1513 2203 1568 2243 10
1600 2212 1783 2242 omnem

107 2267 292 2297 cursum
332 2256 514 2311 cyclum
551 2271 596 2311 r,
653 2269 787 2299 omne
828 2255 1039 2300 ciclicum
1071 2264 1153 2314 (sc.
1186 2272 1225 2314 q.
1265 2272 1349 2314 seq.
1378 2257 1495 2314 iter>
1526 2259 1572 2301 B
1605 2259 1782 2313 (9—10

105 2326 188 2357 om.
210 2314 264 2369 b).
382 2318 433 2357 11
455 2316 571 2371 (esse
597 2315 785 2371 suadeo)
802 2314 903 2359 iter.
930 2317 1026 2372 (sie)
1049 2316 1134 2361 sed
1155 2315 1270 2360 locis
1302 2316 1412 2372 imp.
1439 2330 1473 2360 a.
1498 2315 1706 2359 ustiones
1722 2317 1782 2369 B,

104 2371 223 2414 Item
249 2384 378 2416 escas
402 2372 494 2416 loci
517 2373 825 2430 imponendae
850 2376 958 2417 sunt
979 2374 1186 2418 ustiones
1209 2390 1234 2420 r
1251 2376 1322 2431 (cf.
1349 2377 1395 2419 b:
1428 2374 1782 2418 Cucurbitarum

102 2429 332 2474 beneficia
384 2445 490 2475 cum
545 2432 784 2489 sanguinis
838 2433 1140 2478 detractione.
1196 2433 1342 2490 capiti
1387 2432 1657 2477 adhibenda
1699 2434 1784 2478 est.

106 2503 226 2547 Item
257 2494 332 2560 (st)
364 2518 467 2563 esce
492 2504 607 2548 locis
633 2504 816 2562 capitis.
848 2506 923 2549 vel
955 2508 1164 2550 cauteres
1194 2506 1419 2562 iponendi
1450 2508 1569 2550 sunt.
1604 2519 1660 2549 ex
1683 2505 1784 2562 qui-

104 2562 192 2605 bus
213 2598 222 2607 .
242 2598 252 2606 .
273 2565 313 2619 .).
407 2564 725 2607 arteriotomia
740 2579 777 2619 r,
804 2564 1177 2624 corteriothomie
1198 2565 1405 2609 ustiones
1435 2564 1783 2624 arteriothomie

104 2622 188 2676 (sic
219 2622 303 2677 bis)
325 2622 383 2666 Β.
507 2626 561 2665 13
592 2636 879 2667 removemus
910 2624 1016 2668 er
1041 2625 1168 2679 (corr.
1202 2624 1351 2681 Nem).
1475 2628 1646 2669 13—18
1676 2625 1785 2669 haec

103 2680 170 2723 sic
199 2679 332 2724 habet
355 2681 401 2724 b:
433 2680 554 2723 Huic
578 2680 722 2724 etiam
752 2692 890 2741 cause¹
914 2681 1113 2726 maiores
1143 2682 1292 2727 nostri
1314 2682 1627 2739 frequentiora
1651 2682 1783 2726 adiu-

105 2736 228 2780 toria
257 2737 634 2798 provi<de>runt
665 2742 724 2796 (Ξ).
849 2746 902 2784 14
933 2740 1270 2798 magnitudinis
1292 2757 1329 2787 r.
1454 2747 1506 2786 16
1538 2755 1623 2786 nos
1652 2741 1703 2785 in
1732 2757 1781 2787 r:

105 2809 190 2840 om.
223 2796 282 2841 Β.
406 2803 459 2841 17
491 2797 742 2854 fysicorum
771 2800 837 2844 B:
868 2798 1128 2844 fiscicorum
1159 2802 1259 2858 (bis)
1289 2816 1327 2847 r.
1451 2804 1505 2844 18
1535 2814 1782 2858 procurare

108 2854 216 2911 (pro
246 2856 292 2911 f)
314 2869 360 2901 r:
391 2869 698 2913 procuravere
728 2858 787 2903 Β.
