1988 3184
565 35 567 38 ·
660 36 664 41 ¹
794 43 798 50 e
906 37 912 44 ·
1095 46 1108 54 2.
1134 35 1163 58 ,ιι
1204 38 1218 55 2
1235 55 1239 62 ,
1326 35 1350 44 *M
1431 31 1446 46 Λ

196 147 198 149 ·
220 133 335 187 430

223 265 398 311 mortui
414 265 614 310 fuissent
629 265 856 310 homines.
881 264 965 317 sed
979 264 1070 308 hoc

222 325 359 370 nobis
373 325 527 369 facere
547 338 642 368 non
656 324 770 368 licet
787 323 899 379 quia
910 322 1069 381 prohi-

221 384 377 429 bitum
400 386 473 428 est
487 383 637 428 nobis.
657 385 706 427 et
727 382 836 427 ideo
851 382 970 427 11300
991 395 1068 426 ex—

222 442 402 500 plicare
432 442 570 486 nobis
603 444 800 499 oportet.
833 441 1069 486 rationem

222 501 358 546 vobis
397 501 637 546 reddimus
684 501 919 557 quomodo
959 514 1067 545 con-

220 560 457 605 tineamur
474 574 658 604 omnem
677 575 845 617 corpus
862 559 1066 605 hominis

222 621 270 664 et
308 619 722 677 0011110<81010110111
765 633 883 664 vene
922 633 1067 663 mem-

219 679 410 722 brorum
440 680 506 723 sic
536 680 596 724 al.
629 694 685 723 m.
719 680 773 723 in
802 693 892 723 ras.
897 678 931 745 >
964 678 1066 744 qui-

219 738 308 781 bus
334 737 547 781 articulis
576 737 746 793 quibus
772 737 1063 782 conmisuris.

220 796 391 864 quibus
418 796 601 841 ossibus
627 797 798 853 quibus
831 796 963 841 venis
988 797 1065 841 vel

218 855 374 899 nervis
398 856 475 900 vel
500 856 855 923 conpaginibus.
885 870 913 900 a
936 856 1064 912 prin-

220 914 361 981 cipio
363 915 570 958 omnium
585 915 817 959 maiorum
831 914 1065 959 rationem

218 973 512 1030 incipiamus.

275 1637 338 1692 (3)
379 1638 551 1691 caput
592 1638 752 1680 noster
799 1638 890 1693 (nr)
932 1650 1058 1680 com—

211 1694 435 1738 missuras
475 1695 621 1739 habet
667 1695 885 1751 quinque.
935 1695 1057 1740 sicut

214 1753 415 1796 diximus
449 1753 650 1798 simacus
684 1754 1055 1799 anatomicorum

212 1812 372 1868 lupio
406 1815 453 1856 et
478 1813 775 1870 erophilus
801 1813 1053 1860 sicatartiS.

211 1871 389 1915 habent
420 1873 619 1916 masculi
662 1873 898 1917 calvariae
931 1888 1054 1917 com-

211 1930 434 1974 missuras
475 1931 681 1987 quinque
730 1932 905 1977 arteria
945 1947 1055 1976 con-

209 1989 427 2034 tinentes.
454 1989 630 2035 femina
653 2005 763 2036 vero
781 1991 831 2035 in
855 1991 1054 2036 circuitu

209 2050 333 2092 unde
381 2050 653 2105 agnoscitur
700 2051 937 2096 calvariae
987 2051 1053 2095 fe-

210 2107 336 2166 mine
385 2109 511 2163 quod
557 2110 685 2166 greci
740 2110 914 2154 dicitur
958 2125 1053 2154 non

207 2167 393 2211 uadena
413 2170 460 2211 et
476 2168 655 2213 latinae
674 2170 800 2224 quod
822 2172 894 2214 est
909 2183 1052 2213 mem-

206 2225 355 2270 brano
389 2226 464 2270 cui
489 2228 786 2285 superposita
818 2231 890 2273 est
915 2228 1048 2274 cutis.

205 2284 351 2329 habet
399 2288 558 2330 autem
612 2302 729 2344 cap
746 2287 912 2331 illos
957 2302 1051 2331 non

204 2346 396 2401 propter
445 2346 655 2390 decorem
699 2347 782 2390 sed
827 2361 855 2390 3
895 2346 1049 2391 fronte

205 2416 396 2459 corpore
461 2408 711 2462 conspecta
775 2406 1049 2450 membrana

205 2464 276 2505 est
323 2463 479 2508 etiam.
527 2467 582 2508 ut
627 2464 781 2509 iberni
822 2465 1047 2521 temporis

202 2522 444 2565 cerebrum
489 2525 702 2567 nostrum
748 2524 1048 2568 bestiendum

203 2579 452 2625 calefaciat
508 2585 555 2626 et
611 2585 768 2627 extate
821 2583 1046 2640 temporis

203 2638 410 2694 spatiose
436 2640 547 2684 solis
574 2641 728 2685 calore
754 2643 944 2687 cerebro
970 2657 1046 2687 ex-

201 2698 337 2741 tuare
368 2712 463 2742 non
493 2700 753 2755 permittas.

551 2941 690 2996 I(G)

892 94 1236 177 suumomni
1282 97 1285 99 ’
1327 96 1339 101 ⁸

1792 103 1796 106 ,
1817 94 1954 128 ⁴³·va

1115 265 1256 309 modo
1295 264 1401 321 quis
1447 265 1659 309 mortuus
1698 266 1782 310 est.
1831 264 1919 310 sed

1114 323 1251 368 nobis
1304 323 1394 368 hoc
1447 323 1602 368 facere
1654 338 1750 368 non
1801 322 1919 369 licet
1971 326 1988 374 ,Ξ-

1115 382 1228 439 quia
1257 382 1552 440 prohibitum
1590 384 1675 428 est.
1719 385 1768 428 et
1804 382 1919 428 ideo
1985 381 1988 388 '

1116 442 1174 487 de
1204 442 1295 486 hoc
1327 441 1614 499 exemplaria
1654 442 1778 486 ratio
1809 441 1915 486 red-

1115 500 1255 546 ditur.
1317 502 1551 558 quomodo
1602 501 1910 546 contineatur.

1114 560 1285 616 quibus
1318 559 1634 605 commissuris
1663 564 1914 617 (commen-

1113 619 1234 663 suris
1251 622 1313 676 se)
1332 622 1416 664 aut
1440 619 1811 677 compaginibus.
1836 618 1914 664 vel

1113 678 1487 723 articulomentis
1505 681 1580 736 (=
1602 694 1655 736 v,
1691 678 1914 724 -amentis

1111 740 1187 793 se).
1225 738 1303 782 vel
1335 738 1506 805 quibus
1537 738 1683 783 venis.
1727 752 1755 782 a
1784 738 1912 795 prin-

1112 796 1236 854 cipio
1270 797 1479 841 omnium
1516 798 1766 842 verborum
1795 796 1912 841 inci-

1109 855 1307 913 piamus

1165 1639 1225 1694 (3)
1240 1639 1382 1694 caput
1390 1651 1500 1681 vero
1516 1636 1607 1681 viri
1620 1637 1765 1681 habet
1782 1650 1906 1681 com-

1103 1696 1327 1740 missuras
1367 1696 1585 1752 quinque.
1635 1696 1701 1739 sic
1744 1699 1904 1740 autem

1104 1755 1292 1812 scripsit
1331 1771 1536 1799 summus
1576 1757 1739 1799 auctor
1781 1769 1902 1799 ero-

1101 1815 1297 1871 philus
1338 1815 1466 1860 sicia.
1509 1817 1556 1859 et
1593 1815 1739 1858 habet
1776 1828 1898 1858 mas-

1102 1874 1233 1918 culus
1266 1874 1316 1917 in
1341 1874 1549 1918 calvaria
1573 1873 1899 1918 commissuras

1102 1933 1320 1989 quinque.
1348 1933 1573 1977 alterutre
1591 1947 1639 1977 80
1657 1931 1897 1976 continen-

1100 1994 1184 2038 tes,
1218 1992 1395 2037 femina
1425 2006 1535 2037 vero
1567 1992 1618 2035 in
1649 1990 1897 2035 circuitum

1099 2052 1353 2096 rotundum
1366 2066 1394 2095 a
1409 2065 1500 2108 quo
1515 2050 1798 2108 agnoscitur.
1814 2051 1897 2094 ha-

1098 2110 1182 2155 bet
1213 2114 1372 2155 autem
1403 2110 1612 2155 calvaria
1644 2112 1784 2166 supra
1814 2124 1896 2166 po-

1100 2170 1243 2214 situm
1257 2171 1591 2214 membranam.
1626 2169 1753 2225 quod
1768 2168 1896 2225 greci

1098 2231 1334 2274 metanem
1377 2228 1656 2286 appellatur.
1698 2228 1774 2271 cui
1820 2242 1896 2271 co-

1097 2288 1263 2333 herent
1300 2289 1574 2332 membrana
1612 2286 1782 2343 quibus
1822 2302 1895 2330 su-

1095 2347 1337 2404 perposita
1369 2350 1441 2391 est
1473 2346 1593 2391 cutis
1626 2362 1715 2406 que
1747 2346 1894 2390 habet

1097 2407 1294 2463 capillos
1347 2420 1442 2450 non
1496 2406 1647 2450 solum
1703 2407 1895 2462 propter

1097 2466 1311 2510 decorem
1357 2465 1502 2522 positi
1550 2467 1670 2509 sunt.
1720 2465 1802 2508 sed
1840 2466 1894 2508 ut

1094 2524 1297 2569 frontem
1336 2524 1608 2581 cooperiant
1654 2522 1891 2579 conspersi

1093 2583 1391 2629 membranis
1440 2586 1494 2627 ut
1538 2582 1725 2626 hiberni
1774 2585 1891 2626 tem-

1091 2643 1220 2700 poris
1245 2643 1481 2687 celebrum
1504 2641 1748 2686 vestiendo
1770 2641 1891 2685 cale-

1092 2702 1252 2748 faciat.
1307 2704 1355 2746 et
1398 2703 1633 2759 ex(s0)tate
1678 2703 1888 2767 tempore

1093 2761 1205 2805 solis
1238 2760 1442 2805 calorem
1470 2760 1706 2804 celebrum
1736 2759 1891 2816 ipsum

1091 2834 1186 2864 11011
1217 2820 1380 2865 vitiari
1411 2819 1668 2876 permittat.

1402 2946 1465 2988 11
1486 2945 1568 3001 (L)
