1988 3184
752 157 1198 203 ADDITAMENTA.
1711 159 1820 214 353

124 291 248 336 ‘tella
275 290 396 335 XXI.
444 290 527 334 sed
555 289 686 347 prius
717 288 1000 334 fomentabis
1032 289 1138 333 loca
1169 302 1225 333 ex
1255 303 1380 346 aqua
1402 289 1530 335 faeni
1561 291 1734 349 graeci,
1767 295 1819 338 et

132 370 239 402 cum
276 356 474 414 spongia
512 355 848 412 fomententur,
889 356 937 399 et
969 355 1036 399 sic
1067 355 1435 412 suprascriptum
1471 370 1661 413 pessum
1691 359 1819 404 eale-

132 423 311 468 factum
349 422 564 469 subicies.
610 422 727 467 item
764 422 827 466 ad
869 421 1077 465 dolorem
1107 420 1206 466 sive
1245 421 1308 466 ad
1344 423 1550 467 tumores
1587 423 1815 472 matricis.

130 503 266 534 cerae
288 488 508 546 ponticae
530 499 588 537 -ζ-
611 489 667 546 Χ,
691 487 927 532 medullae
952 486 1167 531 cervinae
1189 498 1251 535 -ζ-
1271 487 1392 545 XIII,
1427 489 1582 546 adipis
1607 491 1814 535 anserini

130 555 331 601 recentis
361 565 422 603 —1-
443 555 553 600 Vm
590 554 859 600 commisces
900 555 948 597 et
985 553 1037 596 in
1071 567 1208 610 pesso
1247 553 1408 599 uteris.
1455 554 1572 600 item
1614 557 1676 600 ad
1714 572 1812 602 ma-

130 621 262 666 tricis
295 621 503 666 dolorem
534 622 582 665 et
611 618 1009 678 praefocationem
1040 621 1088 663 et
1123 631 1372 663 nervorum
1401 621 1666 679 passiones,
1708 637 1817 667 con-

131 687 258 732 ficies
290 701 500 744 acopum.
534 701 666 731 cerae
699 687 755 729 df
776 685 918 741 XIHI,
950 684 1186 729 medullae
1218 685 1432 730 cervinae
1457 693 1485 737 5
1510 687 1639 744 VIII,
1682 702 1817 734 rosae

131 753 282 798 siccae
320 753 463 798 tritae
503 755 551 797 et
589 751 864 797 cribellatae
894 759 922 803 5
945 751 1054 808 IIII,
1099 750 1253 807 adipis
1293 751 1499 795 anserini
1530 759 1559 804 5
1582 752 1668 812 VI,
1716 755 1817 798 suci

129 820 302 864 herbae
342 819 519 864 salviae
558 820 722 875 cyatos
751 818 851 862 ΙΠΙ.
886 817 1043 861 omnia
1074 816 1202 861 lento
1242 817 1364 875 igne}
1389 818 1541 863 solves
1574 821 1621 863 et
1654 834 1817 864 sucum

129 885 410 929 admiscebis
451 887 498 929 et
535 896 778 939 recoques‚
818 885 866 926 et
895 885 1008 926 tunc
1045 896 1240 939 repones
1280 883 1330 926 in
1368 898 1479 928 vase
1521 886 1732 942 stagneo,
1767 888 1816 930 et

128 952 276 995 uteris
315 951 366 995 in
403 964 554 1007 pesso,
587 951 635 994 et
675 947 927 1005 diligenter
965 947 1165 992 curabis.
1207 962 1318 992 nam
1350 949 1390 992 si
1427 951 1638 995 matricis
1680 952 1814 996 dolor

129 1015 443 1061 intolerabilis
475 1014 630 1071 fuerit,
673 1013 868 1058 herbam
899 1013 1098 1057 salviam
1129 1028 1234 1057 cum
1275 1015 1513 1059 radicibus
1547 1017 1641 1060 suis
1676 1019 1810 1061 deco-

127 1097 266 1140 ques,
307 1085 356 1127 et
394 1081 562 1126 exinde
600 1079 769 1124 mulier
808 1093 856 1124 se
886 1079 937 1122 in
974 1079 1145 1123 balneo
1183 1079 1259 1124 vel
1290 1080 1340 1124 in
1370 1081 1472 1125 tina
1503 1082 1677 1140 foveat,
1711 1083 1814 1127 sine

126 1163 257 1194 mora
301 1147 593 1192 liberabitur.
640 1146 736 1191 vel.
764 1146 804 1190 si
843 1145 942 1189 eius
983 1144 1302 1190 decoctionem
1348 1147 1391 1190 ei
1433 1148 1569 1203 potui
1610 1148 1807 1193 dederis.

126 1216 243 1260 item
282 1215 344 1259 ad
380 1213 589 1258 matricis
630 1213 848 1257 dolorem.
889 1211 1036 1254 herba
1073 1210 1200 1267 moly
1240 1214 1435 1257 contusa
1476 1213 1561 1270 <in
1594 1214 1731 1271 oleo>
1764 1216 1812 1258 et

125 1279 252 1338 pessi
288 1280 427 1324 modo
467 1279 689 1336 imposita
729 1277 937 1322 dolorem
973 1276 1182 1320 matricis
1217 1278 1373 1335 sedat,
1413 1279 1490 1323 vel
1524 1280 1564 1322 si
1596 1280 1711 1335 quid
1741 1280 1811 1323 in-

126 1347 272 1391 terius
302 1345 417 1389 mali
447 1345 680 1401 habuerit,
714 1343 871 1388 omnia
903 1343 1145 1398 expurgat.
1183 1357 1294 1387 nam
1326 1346 1373 1388 et
1406 1358 1564 1389 semen
1596 1345 1695 1389 eius
1726 1346 1811 1389 tri-

126 1416 228 1457 tum
259 1415 307 1457 et
338 1426 443 1455 cum
472 1411 582 1455 vino
615 1412 698 1454 aut
727 1409 879 1453 mulsa
909 1407 1044 1464 potui
1076 1407 1239 1451 datum
1269 1409 1358 1453 11οο
1382 1410 1509 1454 idem
1539 1410 1668 1456 facit.
1701 1425 1813 1455 nam

128 1480 176 1522 et
215 1477 366 1522 cordis
408 1476 637 1531 dolorem,
685 1475 724 1519 si
770 1474 935 1518 tritum
982 1487 1139 1517 semen
1177 1473 1275 1517 eius
1316 1489 1421 1518 cum
1458 1476 1568 1519 vino
1610 1476 1808 1533 dederis,

124 1545 239 1588 mire
272 1542 464 1588 sanasti.
512 1541 627 1586 item
665 1542 727 1585 ad
764 1539 973 1583 matricis
1016 1541 1064 1582 et
1103 1539 1310 1583 omnium
1348 1540 1697 1585 interaneorum
1729 1543 1809 1586 do-

246 1740 268 1777 1
288 1733 396 1777 XXI
414 1734 459 1777 b:
476 1731 542 1775 XI
557 1746 634 1789 ay.
711 1729 950 1787 fenugreci
973 1743 1052 1787 ay,
1084 1728 1222 1787 fen&
1237 1731 1275 1774 b.
1370 1737 1395 1774 2
1414 1734 1462 1776 et
1475 1746 1511 1776 0.
1533 1747 1565 1776 8.
1581 1733 1612 1776 f.
1631 1734 1677 1777 b:
1705 1747 1810 1777 cum

127 1807 325 1866 spongia
348 1807 495 1862 simpl.
522 1796 607 1862 Hy.
693 1803 735 1846 ss
762 1805 836 1848 ba.
906 1801 1167 1859 pessarium
1190 1818 1231 1846 a.
1302 1807 1328 1846 3
1347 1805 1389 1848 d.
1421 1818 1501 1848 seu
1519 1805 1634 1862 (sive
1666 1809 1711 1862 a)
1737 1809 1810 1850 tu-

126 1880 302 1911 morem
332 1880 413 1923 ay.
506 1868 534 1906 4
567 1863 682 1907 Cera
712 1867 789 1906 etc.
823 1863 861 1906 b.
953 1860 1122 1919 punice
1148 1862 1279 1917 (—ca
1312 1864 1353 1919 b)
1387 1865 1498 1921 bay.
1591 1865 1700 1908 XIII
1725 1867 1808 1922 by:

125 1926 255 1969 XIIII
285 1940 325 1968 a.
449 1922 611 1978 adipes
645 1920 883 1965 anserinos
914 1918 1115 1964 recentis
1140 1921 1286 1976 (-tes
1316 1923 1363 1978 y)
1395 1923 1469 1979 by.
1570 1927 1596 1966 5
1628 1923 1738 1966 VIII
1763 1925 1808 1968 b:

124 1983 257 2028 VIHI
287 1997 329 2041 y,
360 1982 491 2026 XIIII
522 1996 563 2024 a.
731 1978 976 2022 commisce
1007 1993 1085 2036 ay.
1243 1978 1294 2022 in
1323 1993 1511 2035 pessum
1544 1983 1569 2026 b
1603 1984 1704 2036 (om.
1737 1985 1809 2039 y):

124 2042 175 2085 in
203 2041 412 2099 pessario
446 2056 487 2085 a.
660 2040 790 2081 utere
822 2052 863 2081 a.
1031 2043 1056 2080 6
1088 2039 1268 2092 ῇ881ῶ8
1301 2039 1597 2096 (pressiones)
1631 2042 1670 2095 b,
1702 2054 1808 2096 pas-

126 2100 304 2144 sionem
335 2115 412 2157 ay.
616 2095 804 2140 conficis
837 2098 926 2157 (a.)
946 2097 985 2151 b,
1018 2097 1191 2140 confice
1222 2098 1310 2141 hoc
1342 2099 1419 2154 (a.)
1450 2113 1499 2155 y:
1532 2112 1614 2142 om.
1648 2114 1678 2142 a
1709 2099 1808 2155 (ubi

123 2160 362 2215 Acopum).
487 2160 511 2199 7
546 2156 611 2199 df.
644 2154 775 2197 XIIII
806 2156 844 2210 b,
876 2159 905 2204 5
936 2153 1066 2198 XIIII
1096 2171 1145 2201 a:
1177 2170 1237 2209 ÷
1265 2156 1374 2199 XIII
1402 2171 1442 2214 y.
1572 2163 1600 2207 5
1624 2156 1733 2200 XIII
1764 2173 1806 2214 a,

123 2224 152 2268 5
182 2217 313 2262 VIIII
343 2231 385 2273 y,
518 2218 544 2257 8
576 2213 687 2270 trite
718 2227 760 2269 9,
794 2214 842 2256 et
871 2211 983 2271 trite
1016 2229 1065 2258 a:
1098 2228 1180 2262 om.
1215 2217 1254 2260 b.
1407 2214 1600 2270 adipum
1632 2216 1808 2258 anseri-

123 2290 288 2320 norum
318 2290 359 2319 a.
535 2271 697 2328 su(c)ci
728 2273 809 2328 by:
844 2271 900 2314 de
933 2276 1042 2315 suco
1074 2288 1116 2317 a.
1298 2279 1323 2317 9
1353 2273 1496 2316 herbe
1529 2274 1577 2317 b:
1611 2286 1692 2317 om.
1727 2289 1804 2331 ay.

242 2332 379 2377 ciatis
410 2347 450 2389 9.
574 2329 715 2373 solvis
748 2335 824 2374 etc.
859 2331 904 2373 b:
939 2329 1065 2374 solve
1096 2339 1173 2378 etc.
1207 2346 1283 2389 ay.
1414 2333 1461 2374 et
1494 2345 1526 2375 8.
1561 2331 1732 2375 amices
1765 2334 1804 2387 b,

123 2394 171 2436 et
203 2392 268 2436 sic
301 2406 335 2435 8.
368 2389 541 2434 amisce
572 2403 614 2446 9,
644 2389 752 2444 post
784 2402 817 2432 s.
851 2387 1023 2432 amisce
1055 2404 1086 2433 a
1116 2393 1211 2448 (qui
1234 2390 1386 2446 peryit
1417 2391 1465 2432 et
1503 2390 1715 2434 reconde.
1758 2392 1807 2434 et

124 2451 190 2495 sic
220 2451 271 2493 in
301 2465 343 2494 v.
378 2463 411 2492 s,
444 2449 646 2504 repone).
771 2450 823 2488 11
886 2447 907 2488 t
938 2461 980 2491 u.
1014 2447 1267 2505 impessum
1295 2450 1343 2491 et
1375 2447 1417 2492 d.
1451 2461 1585 2490 curas
1610 2450 1649 2503 b,
1683 2450 1731 2491 et
1754 2448 1805 2492 in

121 2523 329 2580 pessario
361 2524 492 2565 utere
524 2535 574 2565 a:
607 2533 689 2564 om.
721 2534 761 2577 9.
882 2534 992 2563 nam
1023 2523 1104 2579 by:
1138 2525 1186 2567 et
1217 2538 1257 2567 a.
1367 2525 1420 2564 12
1455 2520 1549 2563 suis
1582 2535 1630 2565 a:
1664 2513 1714 2564 ff
1725 2523 1751 2566 b
1760 2537 1800 2579 y.

241 2593 388 2636 coque
420 2595 462 2624 a.
586 2582 640 2620 13
672 2577 748 2621 vel
780 2579 880 2634 (aut
909 2580 954 2635 y)
985 2578 1036 2622 in
1066 2580 1169 2625 tina
1201 2583 1283 2639 by:
1316 2578 1393 2624 vel
1424 2579 1474 2622 in
1506 2593 1629 2634 aqua
1661 2595 1702 2624 a.

1841 897 1884 928 10

1839 1224 1880 1257 15

1835 1553 1879 1584 20

122 2642 171 2684 et
202 2655 236 2684 s.
268 2655 327 2683 m.
360 2654 403 2694 a,
437 2639 485 2681 et
514 2649 622 2679 mox
650 2651 691 2694 y.
815 2640 870 2679 14
902 2636 946 2679 01
977 2651 1058 2683 om.
1091 2654 1132 2696 9.
1254 2637 1437 2682 dederit
1467 2652 1507 2694 y.
1601 2641 1655 2680 15
1688 2638 1807 2682 item
1848 2664 1851 2667 -

121 2695 454 2754 —(20)sanasti
484 2709 567 2740 om.
599 2709 642 2752 y.
790 2694 938 2737 herba
969 2709 1052 2741 om.
1084 2712 1128 2742 a.
1247 2696 1395 2740 imolfi
1427 2698 1472 2740 b:
1505 2695 1637 2739 inula
1660 2712 1709 2741 α.
1743 2699 1802 2752 cf.

122 2757 198 2800 Ps.
231 2756 370 2812 Apul.
393 2757 464 2798 49.
498 2754 652 2797 Diosc.
685 2755 729 2807 3,
759 2755 830 2796 47.
1034 2758 1228 2799 contusa
1260 2771 1310 2800 a:
1341 2757 1502 2798 itunsa
1534 2756 1572 2798 b.
1753 2755 1804 2799 in

122 2815 224 2858 oleo
257 2829 306 2858 a:
339 2826 422 2857 om.
456 2813 494 2856 b.
639 2815 693 2854 16
725 2810 927 2867 pessimo
962 2815 1063 2870 (sic)
1098 2816 1137 2871 b,
1168 2813 1365 2871 pessarii
1395 2813 1534 2857 modo
1566 2828 1607 2857 α.
1732 2813 1803 2858 111-

120 2874 349 2918 trinsecus
380 2885 422 2915 a.
546 2874 600 2913 17
631 2870 803 2926 purgat
833 2885 874 2913 a.
999 2875 1053 2915 18
1084 2875 1300 2929 potatum
1330 2888 1371 2918 a.
1497 2877 1550 2916 19
1576 2874 1623 2916 et
1646 2886 1728 2918 om.
1757 2889 1802 2919 a.

122 2933 163 2977 si
194 2947 243 2977 a:
277 2930 343 2974 sic
376 2932 415 2974 b.
535 2928 592 2971 tr.
625 2941 731 2971 cum
759 2943 802 2972 v.
839 2942 873 2972 s.
909 2942 946 2975 e.
982 2930 1025 2975 d.
1057 2946 1099 2976 a.

209 3013 426 3046 Theodorus
447 3011 681 3049 Priscianus,
709 3012 766 3045 ed.
783 3013 816 3045 B.
826 3022 848 3046 o
858 3021 874 3045 s
885 3020 916 3045 e.
1479 3008 1535 3048 23
