1988 3184
165 557 186 589 5

143 893 186 924 10

141 1263 184 1296 15

142 1612 185 1643 20

213 131 323 200 '352
465 124 469 128 ’
775 144 1350 190 ΡεΕσῡο-ΤΗΕΟὉΟΒῙ

212 293 364 336 aquae
388 278 573 323 calidae
599 279 737 334 cyato
754 277 776 322 I
799 276 961 322 ieiuna
983 276 1135 323 bibat.
1175 277 1303 323 item.
1330 277 1510 323 arboris
1542 277 1664 323 mori
1694 276 1904 323 radicem
1967 295 1976 313 2

210 345 434 403 pusillam
458 344 653 401 colliges
671 346 720 389 et
734 343 883 389 linteo
902 343 1178 389 obvolutam
1200 343 1305 390 loco
1323 344 1526 403 impone.
1552 345 1736 391 sistitur
1752 342 1903 390 omnis
1954 343 1971 394 J

209 411 465 469 profluvius
513 409 779 468 sanguinis,
827 410 868 454 si
906 410 1116 455 radicem
1153 410 1330 456 herbae
1375 411 1561 457 cunilae
1605 410 1904 469 quantulam-

211 491 407 535 cumque
438 476 634 522 brachio
660 476 896 537 <ligatam
928 477 1204 522 circumdas.
1238 479 1287 522 et
1311 477 1351 522 si
1374 477 1579 524 volueris
1605 477 1704 523 eius
1728 475 1903 522 radicis
1978 482 1988 503 ¹

209 546 433 591 virtutem
472 544 611 601 scire,
660 543 853 602 solvito,
899 546 947 589 et
987 545 1139 589 denuo
1169 544 1411 602 manabit,
1451 544 1600 603 alliga
1637 544 1823 600 iterum,
1854 544 1904 587 et
1981 547 1988 614 j

210 611 428 657 cessabit.
476 610 604 656 item.
653 610 774 655 mori
821 611 1001 656 arboris
1040 611 1250 656 radicem
1296 612 1583 669 superiorem
1622 612 1685 656 ad
1730 610 1904 655 collum

211 679 455 736 suspende.
503 677 633 723 item.
666 677 893 735 graminis
925 679 1074 723 nodos
1105 678 1214 722 XXI
1253 693 1358 722 cum
1398 678 1493 723 suis
1533 676 1732 736 virgulis
1765 691 1904 735 super
1985 691 1988 694 ⁴

209 745 487 789 umbilicum
532 744 744 801 alligato,
793 744 909 790 item
955 745 1115 802 lapide
1162 747 1337 803 gagate
1386 745 1637 802 suffumiga
1685 758 1811 801 eam,
1855 745 1903 788 et

215 816 380 857 cessat.

328 880 392 923 ad
414 878 696 936 profluvium
718 878 929 924 mulieris
954 881 1002 923 et
1025 879 1201 923 fluxum
1225 878 1483 936 sanguinis,
1514 879 1576 923 ad
1601 877 1759 923 omnia
1782 877 1903 922 vitia

207 945 426 1003 pectoris,
460 946 521 990 ad
555 945 765 1003 splenem
795 949 844 990 et
876 946 938 989 ad
962 960 1087 1003 epar,
1122 947 1183 989 ad
1212 945 1457 1003 calculum,
1491 946 1554 990 ad
1585 944 1904 1002 stranguriam

211 1015 259 1057 et
289 1013 569 1069 hydropem,
613 1013 675 1057 ad
705 1012 963 1070 pleuresin,
1005 1013 1067 1056 ad
1109 1026 1268 1057 omnes
1309 1012 1503 1070 spiritus
1534 1012 1807 1068 inmundos,
1841 1011 1904 1055 ad

209 1080 399 1123 umbras
425 1079 681 1136 immissas,
714 1079 791 1124 vel
824 1079 863 1123 si
895 1079 999 1135 quis
1033 1079 1210 1124 defixus
1236 1079 1392 1136 fuerit,
1427 1078 1578 1123 scribe
1601 1079 1691 1124 hoc
1717 1078 1904 1135 signum

211 1153 313 1200 [Ξ
346 1146 397 1190 111
428 1149 630 1203 stagnea
660 1146 839 1190 lamina
872 1148 919 1190 et
950 1146 1050 1203 liga
1080 1146 1285 1203 patienti
1317 1146 1380 1190 ad
1411 1145 1633 1205 collum).

281 1250 402 1295 XIII.
436 1250 512 1294 De
544 1249 730 1307 pessis
764 1249 860 1305 qui
891 1249 1118 1294 faciunt
1150 1250 1221 1293 ad
1250 1248 1514 1294 matricis
1548 1248 1817 1293 dolorem.

324 1331 504 1375 Lanam
534 1331 726 1375 mollem
765 1331 1013 1375 collectam
1051 1331 1103 1374 in
1134 1345 1183 1375 se
1214 1330 1284 1375 ita
1322 1333 1376 1374 ut
1413 1330 1624 1374 matricis
1655 1329 1903 1374 introitum

209 1399 414 1455 claudat,
449 1401 628 1443 certum
660 1401 732 1443 est
762 1399 984 1455 prodesse
1017 1397 1084 1442 eis
1130 1412 1251 1453 quae
1284 1397 1493 1442 matricis
1528 1396 1688 1441 dolore
1718 1395 1901 1454 praefo-

208 1468 386 1510 cantur,
436 1465 722 1521 aliquotiens
763 1465 889 1509 enim
934 1464 1205 1509 huiusmodi
1247 1464 1466 1508 mulieres
1505 1464 1595 1508 hoc
1640 1463 1901 1521 patiuntur,

207 1532 443 1588 quomodo
471 1531 650 1576 semina
673 1531 979 1589 proiciuntur.
1014 1531 1054 1576 si
1080 1531 1180 1576 sine
1205 1531 1397 1576 vulnere
1421 1530 1594 1575 matrix
1618 1530 1902 1576 intumescat

209 1598 285 1643 vel
311 1598 484 1654 doleat,
516 1598 606 1642 hoc
636 1598 948 1643 medicamine
973 1598 1133 1643 uteris.
1180 1597 1299 1656 picis
1327 1597 1478 1642 siccae
1507 1610 1564 1647 -ζ-
1585 1598 1707 1655 XIII,
1738 1598 1900 1656 adipes

207 1664 423 1721 porcinos
455 1667 680 1722 recentes,
715 1667 798 1708 aut
830 1664 984 1709 oleum
1015 1679 1200 1710 roseum
1231 1678 1316 1721 pro
1349 1664 1503 1721 adipe,
1537 1667 1585 1708 et
1617 1678 1810 1720 ovorum
1832 1664 1902 1709 vi-

327 1803 509 1853 laqua
541 1797 699 1842 calida
731 1800 869 1854 cyato
894 1799 915 1842 I
947 1797 1093 1865 (ciatu
1124 1813 1221 1842 unu
1252 1799 1298 1856 9)
1330 1800 1355 1843 b
1363 1814 1403 1857 9
1504 1797 1664 1842 ieiuna
1694 1798 1833 1843 bibat
1856 1814 1899 1856 a,

207 1857 374 1901 iuvene
406 1857 544 1901 bibat
577 1860 602 1902 b
638 1861 709 1913 (ut
738 1872 852 1914 supr
853 1861 924 1914 a):
971 1857 1129 1901 ieiuno
1168 1857 1304 1915 potui
1337 1857 1398 1902 da
1428 1873 1468 1916 9.
1502 1859 1734 1915 sequentia
1766 1871 1847 1903 om.
1873 1873 1902 1917 9

211 1919 413 1973 (practer
443 1918 563 1961 Item
593 1917 624 1962 1.
657 1919 833 1974 gagate
866 1930 970 1960 eam
1003 1916 1302 1974 subfumiga).
1387 1952 1397 1960 .
1485 1916 1667 1960 arboris
1698 1916 1817 1961 mori
1849 1933 1899 1962 a:

209 1974 326 2020 aith.
359 1976 478 2019 mori
510 1978 548 2021 b.
642 1975 895 2034 2spolliges
921 1978 966 2021 b.
999 1975 1138 2020 tolles
1171 1992 1212 2021 a.
1306 1975 1356 2019 in
1388 1975 1535 2020 linteo
1567 1975 1832 2021 involutam
1857 1992 1898 2021 a.

323 2035 426 2079 loco
460 2035 648 2092 impone
681 2037 728 2080 b:
763 2035 884 2079 collo
919 2036 1150 2092 suspende
1174 2051 1216 2081 a.
1341 2034 1533 2079 Sistitur
1563 2041 1641 2080 etc.
1673 2037 1720 2081 b:
1754 2037 1802 2079 et
1834 2035 1900 2079 sic

207 2108 340 2138 omne
372 2094 646 2151 proflurium
678 2109 711 2139 S.
746 2094 874 2139 sistit
905 2110 947 2139 a.
1152 2099 1178 2138 3
1205 2094 1386 2151 cymule
1420 2097 1458 2151 b,
1492 2094 1692 2139 cunnule
1724 2110 1766 2140 α.

205 2153 398 2198 brachio
432 2156 456 2199 b
492 2156 576 2210 (sic
606 2159 735 2199 teaetu
774 2156 991 2211 abrupto,
1029 2169 1139 2199 'nam
1176 2156 1380 2211 sequitur
1417 2168 1535 2199 nova
1573 2154 1760 2200 rubrica
1798 2168 1898 2211 cap.

205 2216 327 2269 seq).
359 2215 594 2270 sequentia
616 2227 755 2270 usque
781 2215 843 2258 ad
865 2228 905 2258 v.
931 2217 990 2257 14
1013 2214 1134 2259 solus
1156 2214 1288 2258 habet
1311 2229 1352 2258 a.
1447 2216 1473 2256 8
1497 2215 1578 2258 hoc
1600 2227 1746 2258 rmum
1769 2215 1901 2259 habet

205 2278 246 2316 ct
275 2287 304 2330 9
323 2274 397 2327 (cf.
425 2274 487 2317 ad
508 2287 548 2318 v.
567 2277 594 2316 1
619 2276 756 2328 sup).
852 2276 905 2316 11
925 2272 1058 2329 splen
1075 2288 1116 2318 a.
1211 2272 1469 2316 cauculum.
1498 2271 1832 2329 stranguiriam
1855 2288 1897 2318 a.

207 2335 262 2373 13
294 2332 507 2377 umbras:
551 2333 608 2387 cf.
643 2332 798 2389 Pela9.
831 2346 938 2388 app.
974 2334 1083 2384 (453
1106 2332 1233 2387 Ihm)
1267 2332 1330 2376 ad
1364 2332 1554 2375 umbras
1588 2330 1898 2388 expulsandas

206 2390 263 2433 de
297 2390 498 2435 stabulo.
676 2394 730 2434 15
762 2391 831 2435 De
862 2391 1077 2447 pessibus
1109 2396 1186 2436 etc.
1221 2393 1246 2436 b
1278 2393 1332 2436 in
1360 2393 1483 2436 rubr.
1518 2392 1577 2447 (ct
1607 2393 1713 2435 item
1743 2392 1838 2435 ind.
1873 2392 1898 2436 b

206 2448 274 2493 De
298 2449 514 2505 pessibus
541 2472 595 2486 =
613 2450 681 2494 De
706 2449 919 2506 pestibus
944 2453 1004 2508 a).
1037 2450 1135 2495 XX
1154 2450 1224 2494 De
1250 2450 1447 2495 diversis
1471 2449 1602 2494 vitiis
1627 2449 1837 2493 matricis
1854 2464 1895 2518 9.

207 2513 261 2552 16
301 2509 431 2552 Lana
476 2508 633 2553 mollis
682 2508 882 2554 collecta
916 2546 925 2555 .
960 2546 969 2554 .
1005 2547 1013 2555 .
1054 2508 1248 2576 claudat
1292 2510 1485 2567 prodest
1516 2524 1547 2553 a
1580 2509 1793 2565 (prodest
1833 2511 1899 2554 sic

205 2568 340 2611 etiam
370 2583 398 2625 9
429 2574 507 2612 cet.
540 2570 597 2623 cf.
625 2584 674 2625 p.
708 2572 813 2624 337,
840 2572 904 2625 8).
1029 2572 1084 2612 17
1117 2567 1199 2624 qui
1229 2573 1450 2627 9.18
1473 2567 1897 2624 Aliquocies—(l9)

204 2625 497 2680 proiciuntur
528 2642 609 2671 om.
635 2643 676 2685 9.
709 2629 775 2672 sic
806 2634 957 2672 autem
994 2628 1127 2672 habet
1156 2643 1209 2672 a:
1237 2627 1354 2695 Alie
1387 2627 1514 2671 enim
1538 2628 1646 2670 sunt
1687 2640 1777 2682 que
1808 2626 1897 2671 hoc

205 2684 456 2738 paciuntur
480 2687 528 2729 et
560 2700 719 2730 semen
748 2686 996 2743 proiciunt.
1031 2688 1079 2731 et
1086 2686 1282 2779 omatrix
1312 2689 1463 2731 tumet
1495 2685 1594 2730 sine
1625 2685 1818 2730 vulnere
1849 2687 1898 2730 et

209 2770 351 2816 dolet
383 2772 472 2816 hoc
504 2775 635 2818 utere
666 2776 786 2820 med.
821 2780 898 2820 etc.
1038 2790 1118 2830 qm
1152 2776 1253 2831 (sic)
1289 2776 1314 2842 ζ)
1346 2777 1419 2831 (=
1451 2774 1775 2831 ub1‚quando.

209 2832 264 2871 19
291 2829 330 2871 si
354 2836 453 2875 etc:
478 2831 598 2876 Item
616 2834 677 2877 ad
693 2834 904 2878 matricis
928 2834 1006 2878 vel
1030 2834 1240 2878 dolorem
1264 2833 1365 2878 sine
1389 2833 1595 2880 vulnere.
1620 2833 1739 2890 picis
1758 2838 1834 2878 etc.
1851 2847 1892 2890 9.

208 2885 491 2932 intumescat
514 2890 590 2934 vel
616 2891 745 2936 dolet
769 2894 806 2937 b.
953 2898 1010 2936 20
1027 2893 1136 2936 XIII
1153 2895 1240 2938 ba:
1265 2893 1410 2937 XIIII.
1427 2908 1468 2951 9.
1606 2891 1795 2949 adipem
1824 2903 1895 2935 re-

210 2947 393 2989 centem
422 2948 667 3002 porcinum
696 2965 737 3008 9.
