1988 3184
175 89 285 143 312
733 66 1339 147 PsEuDo-‘rnnonom'
1421 63 1454 120 'f
1521 59 1528 66 ’
1588 65 1598 74 ’

616 218 696 263 Ad
717 218 790 273 II,
814 220 874 262 10
907 218 1006 271 (31)
1038 215 1115 260 De
1147 213 1406 272 spasmis.
1722 246 1732 253 .
1935 251 1937 255 .

298 323 307 333 .
336 323 344 332 .
373 323 381 332 .
410 285 636 331 Omnibus
666 297 777 340 vero
809 281 1104 327 tensionibus
1135 283 1244 339 post
1274 280 1485 326 fomenta
1506 281 1784 331 >chalastica
1815 295 1873 327 ex
1927 283 1939 330 ἶ

178 355 281 400 oleo
314 352 523 411 sicyonio
555 354 639 396 aut
667 349 868 395 nardino
899 348 1171 393 unctionem
1202 347 1464 404 adhibebo,
1497 349 1546 392 et
1576 362 1725 406 acopa
1756 347 1870 392 cali·
1918 387 1947 399 .,

179 421 312 466 diora
345 434 401 464 ex
425 418 528 463 oleo
554 416 746 474 cyprino
779 415 1007 460 confecta.
1054 429 1164 459 nam
1192 413 1199 468 1
1227 416 1287 472 (p.
1315 416 1390 472 85)
1415 415 1463 459 et
1487 414 1651 472 adipes
1682 414 1872 460 leonum
1948 415 1950 418 ’

131 500 154 533 5
177 487 383 545 galbano
415 484 554 529 mixti
583 498 671 541 par
701 482 982 528 beneficium
1021 482 1368 540 procurarunt]
1415 483 1464 526 et
1503 495 1738 540 acopum
1767 482 1882 530 hoc⁴
1947 497 1951 500 ’

177 551 558 610 Hippocratis
590 565 683 606 quo
714 564 826 594 usus
859 551 932 594 est
960 549 1027 593 -ad
1066 547 1261 594 cervicis
1303 548 1486 593 dolores
1525 550 1574 594 et
1612 549 1675 593 ad
1704 563 1873 594 nervos
1956 547 1958 550 ’

180 619 416 676 obligatos
458 620 506 662 et
548 617 611 661 ad
659 630 844 661 omnem
891 615 1129 661 duritiam.
1188 614 1318 660 faeni
1363 615 1523 672 graeci
1566 614 1806 660 heminam
1836 616 1880 673 1,
1963 653 1967 655 .

83 698 87 702 ’
178 686 397 731 althaeae
428 683 642 728 radicum
664 682 1055 742 manipulumivel
1077 681 1357 726 fasciculum
1370 683 1406 740 Ι,
1431 697 1583 739 aquae
1615 685 1776 740 cyatos
1793 683 1894 735 111„
1971 720 1988 763 ᾖ

180 765 349 808 coques
391 751 453 795 ad
498 749 679 795 tertias.
728 748 828 794 vini
869 748 1043 793 veteris
1090 749 1299 806 cotylam
1327 749 1372 806 I,
1421 748 1514 794 olei
1551 749 1724 795 veteris
1754 750 1814 795 35
1836 750 1873 806 Ι,

18 841 20 843 ·
110 829 155 862 10
179 832 313 864 cerae
343 818 501 875 pondo
525 817 582 873 Il,
615 816 800 860 resinae
831 815 982 860 frixae
1012 816 1170 873 pondo
1202 816 1258 873 H,
1291 815 1488 873 galbani
1517 827 1578 866 —2—
1600 817 1657 862 H.
1702 830 1873 873 coques

177 886 227 930 in
259 884 355 929 olla
385 883 522 928 fictili
552 882 737 927 tamdiu
766 896 1008 939 quousque
1042 896 1090 927 se
1113 882 1358 940 misceant,
1384 882 1600 928 conficies
1633 886 1681 928 et
1711 883 1872 928 uteris.

180 954 247 1011 [et
265 950 613 1007 cataplasmate
626 949 885 993 chalastico
904 948 1010 994 loca
1027 949 1205 994 diutius
1223 950 1468 1008 mitigabo.
1501 953 1610 1009 post
1626 950 1875 1008 clysterem

179 1032 289 1063 vero
309 1016 640 1061 chalasticum.
654 1030 809 1061 ..nam
826 1017 874 1060 et
890 1015 1173 1061 carbonibus
1189 1017 1399 1074 proxime
1412 1017 1682 1062 vcalentibus
1699 1017 1875 1062 lectum

183 1084 493 1141 straminabo]
542 1084 590 1127 et
637 1082 746 1138 equi
794 1082 957 1140 adipes
1006 1097 1112 1126 cum
1156 1081 1313 1127 resina
1352 1084 1400 1127 et
1438 1082 1644 1140 galbano
1685 1082 1876 1138 aequali

112 1161 156 1194 15
179 1151 386 1208 pondere
426 1149 476 1193 in
515 1164 659 1193 unum
699 1151 924 1194 contusae
957 1151 1005 1194 et
1045 1150 1267 1194 decoctae
1311 1163 1479 1193 nervos
1520 1151 1568 1194 et
1612 1149 1875 1206 posteriora

183 1217 389 1274 corporis
421 1216 632 1260 membra
663 1215 858 1260 inuncta
887 1216 1077 1261 solvunt
1108 1215 1296 1273 erigunt
1327 1218 1375 1260 et
1406 1214 1676 1262 extendunt.
1719 1216 1874 1276 [Dabo

182 1285 366 1329 interea
396 1284 613 1341 potiones
645 1283 929 1328 huiusmodi.
979 1282 1181 1327 castorei
1207 1281 1450 1339 pulverem
1480 1297 1585 1327 cum
1614 1283 1874 1340 meliorato,

182 1351 467 1407 aliquotiens
505 1350 682 1408 piperis
722 1349 968 1407 quippiam
1005 1348 1366 1408 intermiscens]
1416 1349 1481 1393 sic
1522 1352 1569 1394 et
1599 1349 1769 1394 lotium
1800 1363 1876 1394 ca-

179 1418 367 1475 prinum
398 1417 533 1474 potui
565 1417 780 1474 tepidum
812 1417 977 1460 datum
1006 1415 1299 1461 validissime
1322 1417 1527 1473 prodest.
1574 1416 1641 1460 sic
1674 1415 1876 1461 castorei

113 1493 155 1525 20
178 1484 358 1542 piperis·
380 1498 471 1528 ana
494 1495 555 1532 ÷
578 1485 611 1529 I.
654 1483 793 1528 simul
817 1483 983 1527 tritum
1015 1482 1209 1540 colliges
1235 1497 1341 1527 cum
1370 1483 1524 1541 melle,
1558 1483 1731 1528 eximes
1763 1483 1874 1527 inde

178 1565 322 1594 unum
367 1550 651 1595 coclearium
698 1552 746 1594 et
787 1549 941 1607 potui
971 1563 1077 1593 cum
1127 1563 1252 1605 aqua
1298 1549 1507 1593 calidum
1554 1550 1703 1595 dabis.
1759 1549 1875 1594 item

180 1617 394 1674 castorei,
426 1617 603 1674 piperis
637 1617 750 1674 albi,
782 1615 1058 1674 petroselini
1091 1630 1182 1660 ana
1212 1625 1268 1664 —3
1295 1617 1330 1661 Ι.
1362 1615 1529 1660 tritum
1561 1616 1735 1674 optime
1769 1631 1875 1660 cum

178 1683 317 1728 melle
350 1683 544 1740 colliges
578 1686 626 1727 et
658 1683 825 1727 exinde
859 1697 964 1726 cum
995 1697 1121 1739 aqua
1145 1682 1353 1727 calidum
1374 1683 1510 1740 potui
1540 1683 1675 1727 dabis
1700 1683 1872 1728 ieiuno.

182 1750 336 1808 [Dabo
378 1752 426 1794 et
465 1750 638 1794 silfium
678 1764 785 1794 cum
821 1750 982 1807 pipere
1010 1786 1018 1794 .
1048 1786 1056 1794 .
1085 1786 1092 1794 .
1118 1750 1380 1806 procurabo
1429 1749 1575 1794 etiam
1615 1749 1891 1797 calidarum,

113 1825 156 1857 25
181 1815 258 1859 vel
289 1816 568 1860 balnearum
599 1815 829 1860 beneficia
867 1815 1158 1872 frequentius
1199 1816 1436 1861 adhibebo
1468 1818 1522 1860 ut
1555 1816 1739 1873 possint
1768 1819 1877 1874 post

181 1885 281 1926 tam
315 1897 505 1927 saevam
537 1882 885 1940 aegritudinem
915 1884 1169 1941 reparare]

301 1950 385 1992 Ad
435 1949 621 1993 telum
666 1949 762 1994 vel
817 1950 887 1993 ad
937 1950 1276 2007 sanguinem
1331 1949 1652 1994 erraticum.
1714 1950 1878 1994 Perso-

180 2016 345 2060 naciae
376 2016 551 2061 herbae
583 2016 720 2061 radix
760 2031 866 2061 cum
905 2016 1112 2074 axungia
1150 2016 1299 2061 veteri
1338 2018 1535 2061 contusa
1567 2018 1615 2060 et
1652 2016 1876 2073 imposita

182 2084 332 2127 sanat.
381 2082 535 2139 picem
565 2083 798 2141 virginem
829 2084 880 2127 in
911 2083 1125 2128 chartam
1163 2098 1330 2140 puram
1360 2083 1568 2140 induces,
1601 2086 1649 2127 et
1680 2083 1876 2140 sulphur

117 2157 159 2189 30
184 2149 346 2193 vivum
386 2151 433 2193 et
474 2149 651 2193 nitrum
697 2150 863 2194 tritum
902 2164 1262 2207 superasperges
1302 2152 1350 2195 et
1397 2149 1603 2194 calidum
1648 2150 1874 2207 impones,

180 2215 377 2259 herbam
423 2215 596 2260 filicem
644 2216 817 2260 siccam
862 2218 1032 2261 tundes
1093 2219 1141 2261 et
1185 2216 1393 2274 pulveris
1441 2216 1540 2261 eius
1595 2217 1876 2262 coclearium

179 2282 371 2338 plenum
401 2282 559 2327 ieiuno
593 2297 698 2327 cum
728 2283 838 2327 vino
873 2283 1022 2328 dabis.
1047 2283 1051 2286 ’

302 2427 327 2465 3
361 2436 509 2478 acopa
541 2422 791 2468 calidiora:
824 2425 897 2468 hic
922 2427 1112 2480 propter
1134 2424 1505 2468 hom-bioteleuton
1529 2436 1677 2479 acopa
1708 2425 1877 2468 transit

180 2482 241 2524 ad
274 2482 402 2539 lonye
434 2483 565 2537 infra
595 2497 668 2539 ap.
709 2483 791 2527 Th.
823 2485 1068 2540 sequentia.
1102 2484 1158 2538 cf.
1191 2496 1335 2539 supra
1365 2482 1428 2527 ad
1452 2497 1501 2539 p.
1530 2485 1634 2536 129,
1666 2485 1738 2526 12.

183 2544 208 2582 ὁ
240 2539 425 2598 mixtos.
458 2554 545 2596 par
570 2543 608 2585 b.
693 2542 968 2597 procurabis
995 2544 1033 2586 b.
1120 2547 1145 2586 6
1177 2540 1416 2598 ypocratis
1449 2541 1576 2596 quod
1601 2542 1638 2586 b.
1718 2545 1744 2584 8
1777 2540 1874 2599 alte

182 2596 278 2640 rad'
315 2600 352 2643 b.
463 2604 515 2642 11
551 2599 720 2643 tandiu
752 2602 790 2645 b.
896 2601 1094 2645 misceat
1126 2603 1164 2646 b.
1273 2599 1460 2644 conficis
1494 2601 1532 2645 b.
1657 2603 1712 2643 12
1732 2602 1876 2652 ,0111ῑῆ-

181 2654 365 2711 plasma
398 2657 626 2701 calastica
658 2660 695 2703 b.
843 2664 898 2703 15
930 2662 1176 2719 recontuse
1210 2661 1248 2704 b.
1403 2664 1457 2703 16
1491 2658 1645 2704 solvit.
1680 2658 1792 2718 erig.
1827 2661 1877 2703 et

183 2714 398 2758 extendit
429 2717 467 2759 b.
622 2721 678 2760 20
712 2718 876 2762 eximis
910 2721 948 2763 b.
1101 2723 1155 2763 21
1182 2719 1215 2763 I.
1243 2721 1358 2763 coci.
1386 2720 1424 2763 b.
1562 2722 1618 2762 22
1650 2718 1683 2762 Ι.
1719 2732 1800 2762 om.
1834 2720 1872 2763 b.

183 2775 239 2814 23
272 2771 355 2815 cal'
393 2775 430 2817 b.
510 2774 747 2820 adhibebo
780 2783 857 2821 etc.
889 2779 955 2822 sic
979 2780 1016 2823 b.
1096 2782 1151 2821 27
1185 2779 1337 2823 eadem
1373 2778 1468 2822 iam
1499 2791 1641 2833 supra
1672 2779 1876 2834 ascripta

184 2830 331 2887 Zeyisti
354 2833 554 2887 capitulo
570 2833 635 2876 IV
661 2834 717 2878 de
740 2834 1003 2890 pleuriticis
1024 2839 1184 2893 (paulo
1208 2839 1343 2882 aliter
1365 2839 1610 2893 expressa).
1703 2840 1758 2880 29
1777 2850 1874 2880 sur-

183 2887 258 2931 fur
290 2890 326 2934 b.
451 2894 507 2932 30
539 2892 748 2948 aspergis
776 2930 783 2938 .
812 2929 820 2939 .
849 2930 856 2938 .
883 2894 1039 2951 iponis
1073 2897 1111 2940 b.
1264 2900 1318 2938 31
1351 2894 1594 2952 pulverem
1624 2896 1662 2940 b.
