1950 3172
2 1500 11 1565 l

4 1597 13 1652 [ζ

472 109 852 153 EUPORISTON
881 106 1308 175 FAENOMENQN.
1667 102 1740 155 55

48 233 125 311 ἐξ)
203 250 247 298 si
292 262 409 297 vero
455 262 548 296 uva
593 246 856 295 demissior
894 245 1044 293 fuerit
1090 249 1139 292 et
1191 241 1416 292 faucibus
1469 241 1738 306 indignatis
1756 238 1827 291 53

54 321 464 387 {eumatizaveriss
487 320 856 384 gargarismatio
882 333 942 367 ex
965 316 1223 382 speciebus
1257 317 1481 381 stypticis
1514 315 1737 364 confecto

48 395 223 465 ¹vapido
262 393 644 459 imminebimUS,
683 398 738 441 ut
776 407 836 441 ex
875 406 999 456 aqua
1040 390 1114 439 vel
1151 389 1403 439 melicrato
1435 388 1522 438 ubi
1561 387 1740 453 dactyli

0 535 1 538 Ἴ
50 464 248 520 decocti
294 468 478 517 fuerint
516 472 599 516 aut
636 481 722 515 rus
764 467 983 530 syriacus
1022 469 1104 513 aut
1143 465 1315 512 vitium
1354 464 1577 512 turiones
1617 461 1739 510 mol-

56 541 234 593 Rssimi
278 547 362 590 aut
410 539 554 589 sorba
593 545 675 588 aut
713 538 919 603 mespila
958 537 1034 586 vel
1074 543 1206 586 certe
1247 536 1398 601 gallae
1439 542 1522 585 aut
1562 534 1738 584 similis
1787 547 1808 580 5

0 633 2 640 ’
57 617 251 666 virtutis
291 619 467 664 cetera.

203 703 377 737 raucos
408 701 523 736 vero
557 687 627 735 sic
660 687 892 749 corriges,
962 684 1333 748 tragacanthum
1372 682 1610 732 mundum
1649 681 1741 731 sub

59 762 222 827 lingua
266 765 465 810 teneant
511 765 560 808 et
600 759 728 824 quod
768 757 1043 807 emaduerit
1086 756 1306 822 glutiant.
1387 772 1475 806 ova
1522 757 1742 805 recentia

58 837 250 885 incocta
288 834 573 898 frequenter
613 833 867 896 accipiant.
946 836 1028 880 aut
1067 833 1306 879 arteriaca
1345 836 1559 879 utantur.
1632 844 1774 878 cro-«v

57 923 171 959 cum
222 913 302 957 tus
333 906 604 956 masculum
658 920 826 954 murra
878 904 1250 968 tragacantham
1298 919 1356 952 ex
1413 918 1570 967 aequo
1628 917 1741 952 cum
1769 916 1813 948 10

11 1036 13 1038 ,
59 997 201 1047 passo
232 983 502 1030 miscentur
534 985 583 1029 et
620 984 866 1044 teruntur,
905 983 954 1027 et
992 993 1081 1042 pro
1115 977 1391 1042 ecligmatio
1425 976 1737 1025 adhibentur.

60 1070 164 1119 ego
204 1057 349 1104 etiam
389 1069 560 1103 sucum
599 1052 868 1117 glycyrizae
902 1067 959 1100 ex
994 1067 1148 1116 aequo
1183 1066 1379 1116 semper
1411 1049 1666 1099 admiscui.

60 1195 206 1241 scissi.
239 1195 461 1240 Calcanti.
494 1208 585 1238 ana
617 1194 659 1239 d.
685 1194 762 1239 ΠΙ,
797 1193 1018 1251 singulos.
1062 1192 1300 1236 Inomellis
1334 1192 1434 1235 vini
1466 1190 1590 1249 nigri
1622 1190 1749 1247 quod

61 1253 226 1299 suficit.
287 1253 461 1307 Quibus
500 1253 625 1297 tritis
666 1254 713 1296 et
753 1252 967 1296 cribratis
1012 1265 1117 1294 cum
1156 1251 1372 1296 oximelle
1412 1250 1636 1295 trociscos
1678 1249 1748 1292 in-

60 1312 210 1356 forma
252 1314 299 1356 et
337 1313 461 1370 [cum
512 1326 619 1356 suco
662 1325 736 1355 ros
780 1310 950 1367 syriaci
993 1312 1040 1354 et
1078 1310 1170 1354 mel
1210 1310 1260 1353 id
1310 1309 1573 1354 mellicrato
1616 1308 1749 1352 adhi-

59 1371 239 1416 bendus
271 1373 355 1415 est.
387 1373 463 1416 sed
494 1372 551 1426 cf.
583 1372 713 1426 infra
746 1375 784 1426 1,
811 1373 879 1414 85.

183 1436 204 1473 1
237 1432 289 1474 in
317 1444 458 1487 mara.
491 1431 616 1474 rubr.
651 1429 708 1472 de
739 1442 831 1471 uva
863 1430 901 1472 b.
1032 1427 1276 1471 demissior
1308 1429 1333 1471 b
1353 1428 1472 1472 &eh
1515 1426 1754 1469 dimissior

62 1489 154 1534 rB.
350 1493 375 1530 3
407 1488 495 1544 in(i
517 1487 837 1543 r)minebimns
870 1487 948 1530 rB
980 1486 1274 1542 <inminemus
1308 1488 1372 1542 b):
1405 1485 1617 1528 monebis
1653 1485 1750 1530 θεῖ.

5 1589 6 1595 ,
62 1548 116 1590 ut
146 1549 220 1603 (ex
252 1561 291 1590 a.
324 1561 366 1590 v.
399 1561 458 1590 m.
504 1545 793 1602 gargaridiet
830 1544 913 1587 ubi
940 1582 947 1589 .
978 1582 984 1588 .
1015 1581 1023 1589 .
1067 1544 1247 1588 decocti
1286 1543 1461 1588 fuerint
1498 1549 1577 1588 etc.
1609 1549 1661 1587 ut
1702 1545 1755 1587 in

63 1611 191 1650 textu
225 1605 351 1661 Gal),
383 1607 436 1647 ut
461 1606 513 1660 (e.
542 1618 581 1648 a.
607 1619 649 1648 v.
683 1619 740 1647 m.
775 1603 857 1647 ubi
889 1603 1069 1647 decocti
1101 1602 1274 1646 fuerint
1299 1604 1382 1646 aut
1404 1616 1478 1646 ros
1505 1601 1753 1658 syriacum.

4 1662 13 1706 ³.
66 1663 142 1707 Sic
181 1662 301 1706 sales
334 1665 430 1717 etc.)
463 1665 507 1717 b,
543 1664 590 1705 et
620 1664 693 1718 (ex
733 1661 932 1717 dactylis
981 1661 1030 1704 in
1079 1675 1201 1716 aqua
1239 1661 1316 1705 vel
1365 1661 1626 1705 mellicrato
1679 1661 1756 1704 de-

4 1717 13 1774 {7
66 1721 210 1765 coctis
261 1723 342 1764 aut
386 1720 502 1764 rosis
550 1727 626 1765 etc.
675 1735 774 1765 cum
814 1722 902 1765 abl.
1070 1720 1421 1776 adhibebimus)
1461 1721 1527 1776 B,
1575 1720 1628 1763 ut
1672 1722 1755 1776 (ex

5 1802 11 1823 ι
55 1779 271 1823 dactulis
298 1815 335 1824 ..
358 1816 366 1824 .
394 1781 476 1822 aut
506 1778 622 1822 rosis
654 1785 730 1824 etc.
758 1801 813 1816 =
838 1780 883 1822 B
910 1813 947 1824 ..
970 1816 977 1823 .
1006 1778 1297 1835 adhibemus)
1329 1795 1364 1823 r.
1511 1783 1539 1821 4
1570 1791 1645 1822 ros
1680 1792 1754 1834 sy-

4 1856 14 1891 ‹j
66 1838 245 1882 riacum
292 1840 316 1882 b
336 1838 453 1883 Gel.:
508 1837 624 1881 rosis
672 1838 805 1882 siccis
844 1839 938 1882 rB.
992 1839 1066 1882 bic
1104 1839 1128 1882 b
1170 1839 1453 1894 interruptae
1506 1839 1756 1882 sententiae

5 1913 15 1954 ξ,
69 1898 267 1941 disiectis
296 1898 441 1942 verbis
486 1898 636 1941 media
680 1898 819 1951 infert
864 1898 961 1941 alia
1022 1896 1097 1940 Sic
1146 1896 1267 1940 sales
1315 1896 1417 1940 triti
1465 1910 1568 1940 cum
1615 1895 1755 1939 melle

5 1951 16 2077 ὲ

6 2295 12 2324 l

6 2323 15 2408 ἓ

12 2534 17 2546 l

69 1955 268 1999 multum
290 1957 510 2012 prosunt.
534 1991 541 2000 .
563 1991 571 2000 .
604 1954 726 1999 Nam
750 1957 797 1999 et
820 1954 1185 2012 gargarissmum
1208 1955 1280 1998 his
1307 1955 1503 1999 adhibes
1527 1954 1755 2011 tepidum.

66 2027 193 2069 aqua
229 2014 305 2058 vel
346 2013 656 2057 mellicratum
687 2013 769 2057 ubi
809 2014 1043 2058 decoxeris
1084 2016 1166 2058 aut
1196 2014 1470 2058 lenticulam
1500 2013 1576 2058 vel
1617 2013 1757 2057 sorba

71 2074 155 2115 aut
185 2072 382 2129 mespila
413 2072 489 2116 vel
520 2072 698 2129 gallam
727 2072 801 2116 vel
840 2073 980 2116 mirta
1010 2073 1101 2116 vel
1141 2074 1330 2119 cetera
1363 2072 1610 2116 similem
1641 2072 1758 2116 vir-

6 2161 15 2182 .
69 2132 251 2174 tutem
281 2130 557 2174 habentia
847 2131 958 2175 vitis
991 2131 1114 2175 oculi
1145 2131 1354 2176 frondosi
1385 2130 1627 2175 tenerrimi
1653 2137 1759 2188 post

6 2189 12 2230 l
71 2187 245 2232 vicium
275 2203 330 2233 ex
359 2191 508 2246 ylossa
538 2190 642 2234 add.
676 2204 712 2234 r.
877 2190 1083 2234 turiones
1115 2197 1192 2235 etc.
1229 2191 1347 2236 Gel.:
1379 2190 1645 2234 turionibus
1679 2196 1756 2235 etc.

71 2248 195 2303 (abl.)
226 2248 316 2291 rB.
411 2254 436 2291 5
467 2247 641 2304 gallae:
674 2248 812 2304 gallis
838 2248 1003 2292 infusis
1028 2251 1075 2293 et
1107 2250 1311 2293 decoctis
1345 2248 1672 2293 adhibebimus
1700 2249 1759 2304 B,

73 2304 215 2362 gallis
246 2305 412 2349 infusis
453 2308 500 2349 et
543 2306 744 2350 decoctis
776 2308 823 2350 et
853 2307 1266 2365 gargarismatium
1297 2308 1574 2352 adhibemus
1606 2322 1631 2351 r
1663 2309 1762 2364 (qui

71 2365 287 2408 omittunt
329 2366 410 2407 aut
449 2363 622 2408 similia
659 2365 909 2410 virtutibus
961 2368 1117 2410 cetera
1165 2381 1278 2423 quae
1322 2368 1425 2411 add.
1472 2367 1567 2411 Gel.
1609 2367 1666 2419 cf.
1702 2367 1759 2421 b).

11 2427 13 2475 f
75 2426 100 2465 7
137 2422 320 2466 Raucos
335 2424 471 2479 —(12)
520 2423 745 2468 admiscui
789 2426 848 2469 rb
868 2425 962 2470 Get.
1005 2426 1153 2481 <habet
1190 2427 1327 2470 etlam
1368 2425 1536 2480 Ghis.):
1584 2434 1666 2468 o‘m.
1700 2425 1759 2468 B.

12 2520 15 2527 ,
69 2482 128 2535 cf.
162 2481 309 2525 Marc.
343 2497 387 2538 p.
418 2484 513 2537 138,
546 2486 614 2526 29.
649 2487 702 2525 31
737 2483 909 2527 Helmr.
1084 2487 1110 2526 8
1143 2483 1405 2527 emaduerit
1438 2485 1462 2527 b
1483 2483 1601 2528 Get:
1637 2495 1762 2526 ema-

0 2560 2 2578 ι
71 2539 254 2583 naverit
285 2554 321 2584 r.
466 2553 554 2584 ova
585 2542 663 2585 rb:
697 2554 786 2585 ova
814 2555 923 2585 vero
959 2542 1053 2586 Gel.
1237 2546 1261 2584 9
1294 2541 1560 2598 frequenter
1593 2543 1617 2586 b
1637 2541 1762 2588 &ebt

72 2611 155 2642 om.
188 2613 225 2643 r.
318 2599 400 2641 aut
432 2598 662 2642 arteriaca
692 2614 729 2655 r,
763 2600 791 2643 a
813 2600 982 2643 tiriaca
1007 2602 1052 2645 b:
1087 2601 1169 2643 aut
1198 2601 1287 2644 hac
1319 2600 1528 2644 theriaca
1558 2600 1652 2645 Gel.
1683 2601 1760 2658 (cf.

12 2653 18 2716 ξ
68 2658 261 2701 simile-m
292 2663 376 2701 art.
410 2658 537 2713 apud
560 2657 707 2703 Marc.
727 2673 776 2714 p.
804 2662 906 2714 132,
931 2661 988 2715 1).
1111 2672 1315 2705 crocum:
1348 2661 1413 2704 sie
1438 2661 1462 2703 b
1485 2660 1579 2704 Gel.
1608 2660 1682 2716 (ΕΞ
1703 2663 1758 2716 r).

14 2769 16 2771 ,
75 2719 131 2758 10
161 2716 237 2758 tus
270 2715 547 2772 (masculum
578 2717 683 2761 add.
719 2717 833 2773 Gel.)
866 2717 1025 2763 bach:
1058 2717 1209 2761 libani
1240 2733 1276 2763 r.
1421 2723 1472 2761 11
1506 2717 1767 2763 miscentur

70 2773 448 2830 (commiscentur
497 2775 611 2831 θεῖ.)
654 2777 702 2819 et
746 2776 904 2821 rGel.:
960 2790 1042 2820 om.
1084 2778 1121 2821 b.
1311 2778 1358 2821 et
1392 2813 1400 2822 .
1429 2812 1437 2820 .
1467 2813 1474 2821 .
1510 2777 1767 2822 adhibetur

75 2832 322 2889 (—bentur
351 2835 392 2890 r)
425 2834 505 2877 rb:
538 2835 591 2876 ut
618 2871 625 2878 .
655 2871 662 2878 .
691 2871 699 2878 .
727 2834 1039 2878 adhibeantur
1073 2836 1166 2881 Gel.
1218 2886 1230 2894 ὀ
1319 2851 1359 2897 ἑ)
1391 2835 1625 2881 helima&
1660 2839 1699 2894 b,
1733 2842 1765 2895 ἶ)

70 2889 313 2944 helimatio
343 2906 370 2937 r
394 2894 494 2949 (pro
535 2892 778 2950 eligmatio
812 2894 923 2951 Get).
