1950 3172
534 162 915 206 EUPORISTON
944 160 1370 205 PAENOLOENON.
1723 157 1793 210 17

29 292 47 322 ³
63 294 101 347 21?
110 300 202 361 {illa
237 316 354 351 vero
392 300 580 366 vulpini
615 299 834 350 vulneris
873 298 1071 349 exhibet
1108 297 1505 363 similitudinem,
1550 301 1606 346 ut
1645 297 1796 346 etiam

27 367 364 444 Jss'serpentis
389 373 648 439 aliquando
673 375 923 438 squamosi
947 371 1259 438 superficiem
1281 372 1561 420 mentiatur.
1604 374 1795 420 utrum-

114 463 216 514 que
255 463 409 513 genus
446 449 690 512 passionis
728 447 1011 496 foeditatem
1050 445 1248 496 exhibet
1286 443 1587 510 capillorum.

268 536 385 571 sane
429 521 550 570 haec
594 521 758 585 passio
797 519 1123 586 comparanda
1161 524 1236 568 est
1273 517 1514 568 fructibus
1554 532 1615 566 ex
1653 514 1795 565 malis

122 597 256 645 sucis
307 600 468 644 terrae
520 593 849 644 nascentibus
927 595 1013 658 qui
1060 608 1112 642 se
1157 592 1281 642 tales
1328 592 1539 641 afferunt
1584 595 1640 640 ut
1686 604 1795 639 esse
1841 599 1863 632 5

118 669 303 733 poterit
341 666 549 732 qualitas
587 668 888 716 nutrimenti.
951 667 1077 716 forte
1110 665 1293 716 sterilis
1324 670 1458 715 terra
1489 679 1602 714 cum
1632 663 1796 730 fuerit,

120 741 309 790 fructus
348 755 461 789 cum
498 741 699 789 raritate
736 745 1044 804 progenerat.
1122 742 1165 788 si
1202 754 1320 788 vero
1358 753 1503 788 umor
1534 743 1798 802 corruptus

119 814 284 879 fuerit,
323 813 488 877 fruges
529 813 799 877 degeneres
839 812 936 862 alit.
1006 812 1066 862 ad
1104 813 1231 861 hanc
1263 827 1379 876 ergo
1411 812 1619 861 formam
1651 812 1800 860 etiam

121 888 174 936 in
220 885 507 951 capillorum
552 887 683 935 vitiis
730 885 966 935 dehemus
1021 886 1287 935 advertere.
1365 884 1476 933 talis
1525 886 1657 933 enim
1704 885 1800 933 erit

116 974 293 1008 eorum
323 960 501 1023 positio
531 959 672 1023 quale
704 960 756 1007 in
787 959 1106 1008 interioribus
1138 960 1511 1008 nutrimentum.
1574 963 1651 1006 est
1683 972 1798 1022 ergo
1825 967 1868 999 10

122 1034 379 1096 utriusque
434 1032 770 1081 accidentibus
825 1035 932 1081 vitii
983 1033 1243 1082 manifesta
1293 1037 1342 1080 et
1396 1030 1613 1095 aequalis
1662 1032 1800 1094 origo

120 1106 368 1155 nascendi.
446 1105 577 1154 unde
632 1106 783 1155 simili
840 1107 998 1155 iuvari
1052 1107 1305 1155 curatione
1361 1103 1633 1171 debebunt,
1687 1103 1803 1153 licet

119 1179 314 1228 diversa
353 1185 673 1243 cognomenta
710 1181 883 1229 sortita
923 1181 1022 1228 sint
1051 1195 1142 1244 pro
1176 1181 1254 1228 sui
1285 1178 1614 1228 accidentium
1647 1176 1803 1242 quali-

122 1258 243 1319 tate,
287 1258 342 1301 ut
389 1252 605 1317 alopecia
645 1268 703 1302 ex
744 1259 1067 1318 cognomento
1107 1253 1349 1319 vulpium,
1397 1252 1561 1301 ofiasis
1601 1266 1661 1301 ex
1702 1266 1803 1300 ser-

122 1331 327 1390 pentum
367 1328 582 1390 squamis
624 1333 1001 1390 cognomentum
1040 1328 1299 1391 acceperit.
1830 1333 1873 1366 15

271 1405 347 1448 est
393 1414 603 1464 namque
649 1400 797 1449 huius
843 1402 1087 1465 passionis
1135 1400 1366 1449 distantia
1414 1414 1536 1463 quae
1583 1398 1804 1463 profecto
1826 1392 1892 1445 17

245 1544 269 1583 1
301 1539 521 1596 vulpini(s
552 1543 593 1597 r)
631 1540 901 1585 vulneribus
934 1542 1005 1586 br.
1040 1554 1128 1597 pro
1151 1540 1354 1584 vulneris
1387 1541 1463 1596 (B,
1495 1539 1663 1584 ulceris
1692 1539 1805 1596 G'el.)

123 1604 344 1655 exspectes
373 1598 572 1644 velleris.
736 1599 879 1643 etiam
911 1601 970 1644 br
1004 1600 1121 1644 Gel.:
1154 1613 1236 1643 om.
1269 1600 1329 1644 Β.
1493 1602 1518 1641 2
1554 1597 1808 1654 aliquando

130 1658 246 1703 Get:
287 1671 369 1701 om.
403 1658 496 1702 Bb.
619 1661 645 1700 3
677 1658 734 1712 ef.
767 1658 843 1703 Ps.
876 1659 999 1702 Ptin.
1028 1673 1074 1714 Ρ.
1108 1662 1180 1713 14,
1213 1660 1285 1702 15.
1430 1660 1455 1699 5
1488 1656 1569 1712 qui
1609 1670 1656 1701 se
1687 1655 1809 1700 tales

126 1715 328 1760 afferunt
365 1714 601 1772 (adferunt
642 1716 755 1773 θεῖ.)
788 1718 848 1761 br
863 1717 981 1761 Gel.:
1020 1716 1108 1760 Hic
1146 1730 1253 1760 rosa
1294 1715 1407 1759 talis
1448 1715 1639 1760 affertur
1670 1717 1717 1772 (!)
1749 1717 1808 1761 B.

129 1779 155 1818 6
186 1773 394 1831 poterint
423 1773 678 1830 qualitates
702 1774 998 1819 nutrimentis
1023 1791 1059 1820 r.
1151 1775 1271 1819 forte
1296 1776 1355 1819 br
1381 1775 1498 1819 Gel.:
1533 1775 1580 1819 et
1604 1774 1725 1818 forte
1750 1776 1810 1820 Β.

131 1838 155 1877 7
185 1835 465 1890 progenerat
491 1833 609 1888 Gel„
650 1835 780 1877 --ret
810 1835 860 1890 b,
899 1833 1199 1891 progenuerit
1228 1848 1272 1878 r:
1318 1833 1571 1891 degeneret
1601 1834 1660 1878 Β.

131 1891 171 1935 31
203 1893 261 1936 br
280 1892 399 1937 Gel..
434 1891 505 1934 sin
528 1893 586 1936 Β.
709 1897 735 1935 8
768 1850 930 1938 fueritp.
963 1907 1066 1937 cum
1095 1891 1238 1936 fuerit
1269 1893 1340 1937 br.
1434 1892 1683 1949 degeneres
1711 1891 1809 1936 alit.

128 1950 250 1995 hanc
283 1952 329 2006 b,
370 1950 598 2008 degenere
637 1950 768 1996 salet.
830 1951 963 1995 Hanc
993 1967 1018 1996 r
1056 1951 1339 2009 (degeneres.
1400 1950 1475 1994 Ad
1512 1951 1634 1994 hane
1675 1951 1811 2007 Gela)

131 2009 428 2066 degenerant.
469 2008 543 2052 Ad
567 2010 688 2053 hanc
705 2010 764 2054 Β.
856 2010 1036 2054 etiam
1022 2025 1072 2053 111
1089 2025 1169 2055 om.
1195 2011 1268 2054 rb.
1369 2013 1394 2051 9
1420 2009 1549 2053 Talis
1575 2009 1699 2053 enim
1723 2009 1815 2053 erit

131 2082 291 2112 eorum
306 2067 477 2124 positio
496 2070 625 2124 (seqq.
642 2070 694 2112 1311
709 2071 818 2125 ras.)
844 2070 897 2112 ut
919 2069 991 2112 his
1010 2068 1272 2124 aequalitas
1291 2068 1548 2112 ostenderit
1565 2068 1733 2125 capitis
1752 2069 1812 2124 Β,

133 2126 261 2170 Talis
294 2126 423 2182 (Tale
448 2128 490 2183 b)
524 2126 647 2170 enim
678 2127 767 2170 erit
798 2140 955 2171 eorum
984 2127 1035 2171 in
1064 2127 1363 2172 interioribus
1394 2127 1732 2171 nutrimentum
1755 2142 1779 2171 1
1789 2128 1814 2171 b

133 2184 323 2242 (positio
357 2185 509 2240 qualis
541 2184 684 2228 fuerit
713 2184 907 2230 interior
938 2185 1052 2242 eius,
1083 2185 1217 2230 tale
1204 2201 1255 2229 111
1279 2200 1332 2230 eo
1363 2185 1661 2230 melioratum
1687 2187 1813 2242 Get).

138 2248 190 2287 11
222 2243 308 2287 Est
339 2257 446 2301 ergo
479 2243 721 2300 utriusque
754 2244 1082 2289 accedentibus
1111 2244 1243 2290 vitiis
1281 2244 1533 2288 manifesta
1564 2247 1613 2288 et
1644 2258 1816 2311 aequa-

134 2301 194 2345 lis
228 2301 357 2369 origo
388 2317 432 2347 n.
467 2304 533 2358 Β,
572 2303 657 2346 Est
695 2316 804 2360 ergo
838 2303 1166 2348 accedentibus
1198 2303 1577 2360 (accendentibus
1611 2305 1652 2360 b)
1684 2302 1816 2347 vitiis

135 2359 388 2404 manifesta
405 2360 725 2417 (manifestata
738 2363 803 2406 sic
819 2364 860 2419 b,
877 2364 953 2407 sed
968 2364 1019 2406 ta
1036 2364 1119 2407 del.
1137 2364 1269 2419 corr.)
1287 2364 1335 2406 et
1351 2362 1530 2418 equalis
1548 2361 1678 2418 origo
1695 2377 1739 2406 n.
1758 2363 1818 2406 rb

138 2419 240 2476 (Est
285 2433 395 2485 ergo
442 2419 652 2475 utrisque
699 2398 1018 2465 accidentibus
1057 2421 1188 2465 vitiis
1234 2420 1556 2476 manifestum,
1605 2433 1705 2464 esse
1744 2433 1818 2464 res

138 2477 291 2534 qualis
323 2477 452 2535 origo
484 2493 527 2522 n
564 2479 692 2535 Gel.)
815 2484 870 2523 13
902 2482 1207 2537 cognomenta
1238 2481 1371 2546 Βόνε
1411 2478 1688 2536 cognomina
1722 2479 1819 2524 Get.

140 2536 302 2581 sortite
335 2536 430 2580 sint
453 2537 478 2581 b
497 2537 608 2593 Get,
642 2538 752 2581 —ta
783 2542 891 2582 sunt
913 2540 1007 2605 Br.
1106 2552 1190 2595 pro
1223 2537 1296 2581 sui
1326 2537 1581 2581 accidentis
1600 2535 1760 2593 (accid'
1779 2539 1819 2594 b,

140 2595 405 2640 accidentia
435 2598 475 2652 r)
508 2573 738 2651 qualitate
769 2598 903 2643 Bbr·
937 2596 1009 2640 sui
1042 2596 1353 2641 accidentium
1383 2596 1613 2652 qualitate
1649 2596 1744 2641 Gel.

142 2658 198 2698 14
230 2653 423 2711 alopic(t
452 2653 566 2711 B>ia
595 2655 722 2700 rbB.
881 2669 937 2700 ex
967 2656 1273 2712 cognomento
1306 2656 1529 2713 (corrupte
1560 2668 1644 2711 pro
1675 2653 1821 2712 capil-

139 2713 375 2757 lamento?
407 2715 463 2767 ef.
500 2712 619 2758 Cass.
645 2717 793 2771 p.1.2,
825 2715 926 2771 15).
974 2715 1331 2771 cognomentum
1362 2715 1510 2771 (corr.)
1544 2715 1642 2760 θεῖ.

142 2770 298 2816 ofiasis
330 2773 410 2817 br·
443 2771 644 2816 oficiasis
675 2773 735 2818 Β.
869 2786 925 2816 ex
954 2774 1088 2818 Bbr.
1121 2786 1150 2817 a.
1185 2774 1280 2818 Gel
1401 2774 1667 2830 serpentum
1700 2773 1821 2818 θεῖα

143 2829 322 2874 —tium
351 2831 476 2875 Bbr.
632 2835 686 2874 15
720 2830 953 2889 acceperit
982 2833 1118 2877 Bbr·
1149 2831 1367 2876 habuerit
1401 2832 1495 2878 Get.
1649 2835 1704 2876 16
1737 2832 1824 2876 Est

141 2902 343 2946 namque
375 2891 441 2934 Β.
473 2889 536 2933 At
566 2891 726 2934 tamen
755 2892 814 2935 rb
847 2890 990 2947 (Haec
1019 2891 1179 2934 tamen
1212 2891 1326 2948 θεῖ.)
1477 2890 1701 2948 distantie
1735 2927 1744 2936 .
1774 2929 1781 2936 .
1812 2928 1821 2936 .

147 2948 433 2993 attestantur
461 2950 584 2994 solus
613 2964 650 2994 r.
772 2949 979 3006 profecto
1012 2951 1146 2996 Bbr:
1176 2950 1436 3007 praefertur
1467 2952 1616 3008 (corr.)
1651 2950 1748 2996 Gel.

233 3030 451 3064 Theodorus
474 3017 701 3073 Priscianus,
727 3031 784 3065 ed.
807 3032 940 3066 Bone.
1533 3027 1560 3068 2
