1950 3172
156 116 264 170 130
692 119 1016 162 THEODORI
1044 118 1347 164 PRISGIANI

154 271 269 306 cum
307 258 479 322 pipere
528 262 578 306 et
621 255 878 306 melicrato
919 255 1170 323 similiter,
1220 256 1345 306 dabo
1395 258 1544 308 etiam
1584 258 1858 309 diureticas·
1891 318 1894 319 ⁷

153 333 408 397 potioneS,
471 329 596 380 dabo
664 330 971 379 somniferas,
1055 330 1333 395 procurabo
1404 333 1552 381 etiam
1615 347 1856 398 aquarum
1903 383 1908 395 ³

154 405 455 455 naturalium
478 404 721 453 beneficia
746 403 1031 453 calidarum.
1071 420 1162 469 per
1187 420 1311 470 quae
1334 411 1448 471 post
1473 405 1856 457 declinationem

155 479 480 544 aegritudinis
526 478 605 526 his
652 477 864 527 multum
909 483 1114 528 naturae
1170 494 1344 529 eorum
1398 481 1568 539 venire
1622 480 1857 531 beneficii
1911 499 1913 501 ¹

109 563 130 595 5
155 554 425 602 consuevit.

337 669 417 719 XI.
464 669 542 719 De
584 672 868 735 satyriasi
906 670 999 719 vel
1038 671 1469 736 impedimento
1508 688 1666 722 usus,

65 757 134 808 32
304 759 567 824 Satyriasis
600 774 873 824 gonorroea
904 758 981 808 vel
1011 761 1329 828 priapismuS‚
1363 760 1543 826 quibus
1577 761 1753 811 similis
1779 767 1856 812 est

154 833 246 883 sub
279 833 586 882 inmoderata
610 835 886 898 patratione
918 832 1160 901 molestia,
1192 834 1270 883 his
1303 835 1642 885 accidentibus
1675 836 1853 886 dister-
1931 833 1937 901 ’-

153 910 420 957 minantur.
471 922 743 972 gonorroea
778 909 884 956 sine
916 909 1102 956 veretri
1142 911 1429 958 extensione
1462 909 1539 959 vel
1572 926 1691 960 usus
1724 910 1853 960 desi·

91 994 133 1026 10
157 982 312 1049 derio,
354 983 615 1047 spermatis
649 981 1024 1031 affluentissima
1058 981 1148 1032 sub
1183 983 1438 1050 effusione,
1479 999 1685 1049 corpora
1718 984 1855 1034 debi-

151 1055 275 1122 litat,
316 1061 365 1105 et
403 1071 494 1120 per
534 1056 766 1104 chronica
805 1062 1029 1121 tempora
1067 1057 1373 1121 producitur.
1445 1060 1697 1123 satyriasis
1735 1074 1855 1108 vero
1946 1074 1948 1076 ’

153 1145 213 1179 ex
262 1136 395 1179 certa
445 1132 669 1195 corporis
716 1130 1142 1197 incommoditate,
1190 1146 1314 1195 quae
1364 1134 1511 1181 etiam
1560 1132 1854 1182 mulieribus

152 1203 414 1268 aliquando
441 1205 698 1270 contingit,
720 1219 867 1268 quam
891 1206 1267 1254 metromaniam
1293 1205 1445 1271 aliqui
1470 1206 1857 1273 appellaverunt,

152 1284 202 1327 et
242 1278 546 1327 desiderium
585 1277 864 1327 insatiabile
906 1284 955 1327 et
993 1280 1271 1328 tensionem
1311 1280 1584 1344 particulae
1625 1297 1737 1330 cum
1779 1297 1855 1331 as-

85 1362 129 1395 15
154 1352 294 1401 sidua
340 1354 617 1417 patratione
659 1352 993 1401 avidissimam
1041 1353 1179 1419 facit,
1232 1359 1281 1403 et
1327 1354 1443 1403 licet
1483 1356 1589 1403 sine
1630 1354 1855 1404 febribus

153 1432 369 1476 attamen
401 1429 534 1475 inter
566 1432 734 1475 acutas
767 1432 816 1476 et
847 1426 1146 1491 temporales
1180 1429 1516 1492 aegritudines
1549 1435 1854 1479 numeratur.

152 1500 278 1550 hanc
317 1503 602 1566 passionem
642 1503 948 1565 priapismon
989 1500 1142 1566 aliqui
1182 1501 1562 1566 appellaverunt.

270 1633 295 1671 2
348 1642 577 1684 aquarum
615 1628 905 1672 naturalium
939 1630 983 1674 b.
1019 1629 1281 1674 calidarum
1311 1631 1497 1688 rVBy:
1547 1645 1777 1687 aquarum
1806 1631 1854 1676 b.

149 1689 323 1731 natura
364 1687 625 1731 calidarum
660 1689 754 1733 Gez.
790 1688 1069 1745 (calidarum
1107 1689 1183 1734 vel
1220 1688 1499 1733 balnearum
1538 1690 1765 1734 beneficia
1797 1692 1854 1748 b).

151 1748 301 1803 3(-5)
340 1761 424 1805 per
464 1761 583 1802 quae
612 1746 780 1792 ...his
827 1748 1031 1792 multum
1073 1751 1271 1793 naturae
1319 1762 1480 1792 earum
1517 1749 1671 1793 ventri
1713 1750 1855 1794 bene-

150 1805 246 1849 ficii
278 1806 437 1862 (—ci1'1
463 1808 524 1863 B)
559 1806 802 1850 consuevit
832 1809 929 1864 (sic)
963 1809 1048 1853 VB
1082 1811 1269 1865 (natura
1316 1818 1477 1852 earum
1521 1808 1700 1853 mederi
1745 1823 1854 1853 con-

152 1864 306 1909 suevit
327 1866 455 1922 Gal),
487 1879 571 1922 per
603 1880 693 1925 que
787 1865 860 1909 his
892 1867 1083 1910 modum
1106 1867 1298 1924 nature-t
1321 1882 1482 1912 earum
1513 1868 1690 1912 mederi
1713 1868 1855 1913 bene-

148 1923 257 1967 ficia
290 1925 533 1968 consuevit
557 1940 582 1968 r
606 1927 711 1981 (pro
744 1927 907 1981 quibus
939 1928 1130 1972 breviter
1160 1930 1227 1973 sic
1252 1930 1298 1974 b:
1332 1929 1385 1971 ut
1414 1927 1600 1984 possint
1622 1929 1730 1985 post
1752 1929 1854 1971 tam

154 1996 314 2026 sevam
346 1983 660 2041 egritudinem
692 1987 940 2041 reparare).
997 1988 1053 2041 cf.
1078 2002 1127 2044 9:
1155 1987 1236 2043 qui
1356 1987 1429 2030 his
1461 1987 1661 2030 multum
1695 2001 1854 2031 eorum

150 2073 345 2115 naturas
374 2077 379 2127 Ι
408 2072 503 2115 uris
530 2053 814 2117 conveniiint
837 2073 1076 2118 beneficiis
1103 2081 1144 2119 et
1168 2076 1304 2120 Vind.
1331 2081 1414 2121 68:
1440 2075 1519 2131 qui
1541 2112 1548 2120 .
1571 2113 1578 2120 .
1601 2113 1608 2120 .
1628 2075 1701 2119 his
1733 2075 1850 2120 mul-

148 2145 229 2173 um
265 2133 599 2175 naturaeorum
638 2138 734 2176 ffffs
760 2132 961 2190 (vestris)
1000 2133 1239 2178 beneficiis
1281 2135 1527 2179 conveniet
1558 2135 1689 2191 (Gar.
1724 2139 1764 2191 5,
1797 2140 1854 2181 1:

150 2203 271 2246 quae
314 2192 423 2247 post
471 2191 810 2236 declinationes
859 2192 1171 2250 aegritudinis
1214 2194 1416 2238 multum
1457 2207 1616 2238 eorum
1653 2196 1853 2239 naturae

151 2249 463 2307 conveniunt).
511 2252 585 2295 hic
616 2253 667 2295 iu
700 2253 725 2296 b
757 2253 948 2296 additur
978 2254 1167 2297 rubrica
1189 2267 1309 2298 nova
1339 2254 1421 2297 Ad
1452 2253 1631 2297 telum
1660 2253 1751 2297 vel
1782 2253 1852 2297 ad

151 2309 489 2366 sanguinem
522 2310 843 2355 erraticum.
899 2311 1172 2371 Pers0natie
1205 2312 1349 2373 herbe
1382 2312 1606 2357 radix...
1730 2318 1756 2356 6
1780 2312 1850 2357 De
1936 2306 1950 2358 ’ξ

151 2368 373 2424 satyriasi
407 2369 504 2414 θεῖ.
538 2369 630 2426 (vel
669 2370 840 2427 imped.
882 2385 949 2415 us,
992 2373 1097 2416 add.
1142 2372 1235 2415 VB
1266 2378 1307 2416 et
1337 2374 1433 2417 iud.
1465 2374 1534 2428 r),
1574 2371 1642 2415 De
1675 2386 1708 2415 S.
1742 2385 1851 2429 gon.
1930 2375 1950 2447 ξ’

148 2427 224 2471 vel
255 2443 322 2485 pr.
359 2427 537 2480 Quibus
571 2443 606 2473 s,
638 2435 718 2474 etc.
753 2432 835 2487 by,
866 2432 989 2474 rubr.
1023 2444 1105 2476 om.
1139 2446 1175 2476 r.
1307 2435 1333 2474 8
1365 2430 1634 2488 patratione
1668 2431 1763 2475 Gez.
1783 2432 1852 2487 (ut
1918 2442 1950 2499 4

149 2489 291 2544 mom:
332 2487 578 2544 paratione
616 2489 721 2545 VB,
767 2489 1082 2546 patrocinatio
1117 2490 1363 2547 (molesta)
1402 2506 1427 2535 r
1467 2489 1777 2547 (aspiratione
1807 2504 1852 2548 9,
1934 2499 1950 2541 4,

150 2574 415 2632 speratione
458 2577 691 2635 Vindob.)‚
731 2578 1106 2634 patrocinatione
1139 2581 1164 2624 b
1198 2580 1290 2636 (sed
1319 2580 1450 2634 iufra
1478 2559 1728 2636 patgione).
1933 2588 1950 2619 ε

153 2639 206 2676 11
234 2634 420 2678 cronica
447 2637 531 2679 VB
550 2637 669 2682 θῶς
704 2637 864 2681 cronia
888 2639 960 2682 rb.
1055 2642 1108 2681 13
1134 2637 1697 2694 quam-appellaverunt
1718 2638 1851 2682 habet
1928 2638 1950 2667 ³⁸

151 2693 189 2736 G
195 2694 246 2737 el.
273 2708 374 2737 cum
405 2696 464 2739 rb
484 2697 580 2751 (ubi
604 2698 917 2740 matromania
934 2712 971 2749 r,
998 2698 1046 2741 et
1068 2696 1431 2742 matromaniam
1450 2711 1490 2742 a.
1518 2696 1760 2754 appellant
1784 2697 1850 2753 b):
1925 2700 1928 2701 ’

151 2765 235 2795 om.
266 2752 337 2795 Vb
347 2767 387 2808 9.
455 2758 507 2796 15
543 2757 591 2798 et
615 2757 754 2812 (aute)
788 2756 882 2801 des.
908 2757 1015 2801 er
1035 2757 1155 2801 Gel.:
1188 2771 1271 2803 om.
1296 2757 1355 2801 Β,
1472 2770 1577 2800 cum
1608 2755 1851 2800 assiduam
1927 2763 1930 2769 '

151 2810 473 2854 datracionem
506 2813 830 2858 avidissimam
855 2817 953 2872 (sie)
980 2816 1292 2873 V(Viudob.),
1332 2829 1438 2858 cum
1469 2814 1660 2859 assidua.
1689 2815 1850 2872 pati-ar·>
1911 2822 1915 2823 ’

149 2867 280 2912 tione
305 2869 580 2915 avidissima
613 2874 711 2930 (sic)
742 2875 825 2919 rB
850 2874 1143 2931 (avidissima
1174 2889 1256 2920 om.
1292 2875 1461 2931 baec).
1565 2879 1617 2918 17
1649 2872 1852 2932 priapi&
1898 2875 1910 2906 Ι

149 2941 260 2971 mon
285 2929 381 2984 (sic)
406 2943 431 2972 r
442 2930 533 2973 VB
553 2931 650 2976 Gez.
1903 2934 1911 2949 ⁸
