1950 3172
551 105 565 119 ‘
657 126 741 167 nn
769 124 1245 169 VEsmAnvrms
1297 131 1299 134 ’
1694 122 1803 175 263

118 263 382 313 adiuvandi
429 268 556 312 sunt.
613 261 886 325 [interdum
931 276 1045 310 cum
1091 260 1282 324 dolore]
1334 259 1492 310 calido
1538 266 1673 310 tactu
1726 260 1804 310 vel

118 336 293 386 sabani
330 335 408 386 vel
445 350 692 401 manuum,
731 334 968 384 ¹cantabro
1009 335 1155 383 etiam
1186 334 1352 399 tepido
1390 335 1638 398 pectinem
1675 334 1802 384 cale-

122 410 283 459 facere
323 414 531 475 oportet,
569 407 647 458 vel
685 414 818 458 certe
858 407 1015 457 calido
1048 407 1154 457 oleo
1185 409 1398 456 vesicam
1435 410 1689 471 porcinam
1721 414 1804 457 aut

121 482 355 532 bubulam
393 482 680 546 inguinibus
720 487 804 530 aut
833 483 1019 546 pectini
1048 496 1138 545 pro
1178 480 1414 541 lenticula
1449 481 1672 530 adhiberi
1702 497 1806 531 non·

49 553 52 556 ’
120 558 327 606 nimium
373 555 631 621 repletam,
682 570 778 619 quo
807 556 982 619 ¹possit
1028 554 1255 603 omnibus
1303 553 1431 621 locis*
1472 554 1650 604 diffusa
1687 569 1800 619 pro-
1847 568 1884 602 5.

116 629 286 694 desse,
332 630 599 693 incipiente
648 623 829 676 doldre.
881 629 924 676 si
962 629 1145 676 nimius
1195 626 1334 676 dolor
1379 627 1552 693 fuerit,
1599 624 1808 677 fleboto?

119 703 327 751 mandus
366 703 483 767 erit,
530 707 579 750 et
623 707 737 765 post
781 702 984 749 tertium
1007 700 1154 749 -diem
1200 700 1451 749 flebotomi
1497 700 1603 750 oleo
1645 701 1800 750 calido
1918 747 1923 752 .

117 774 414 824 absinthiato
453 774 763 843 fomentabis‚
803 789 862 822 ex
894 775 1084 838 ipsoet
1115 779 1218 822 toto
1259 789 1465 838 corpore
1498 777 1802 838 perungueri
1885 807 1890 812 -

117 848 292 897 eodem
331 847 438 897 oleo
478 848 628 896 facies
669 853 718 895 et
756 846 945 910 detergi
985 848 1151 909 statim
1191 846 1372 895 sabano
1413 846 1583 896 calido,
1660 863 1802 912 prae-

115 927 253 970 terea
292 920 588 986 hydrelaeon
628 919 839 969 calidum
878 920 978 985 fiet,
1019 935 1115 984 quo
1147 921 1199 968 in
1237 934 1349 968 vase
1384 920 1573 969 adiecto
1606 923 1867 984 patiensio

120 993 443 1058 supersedere
485 993 661 1043 debeat
700 999 749 1042 et
778 994 1016 1057 vaporari.
1089 993 1409 1042 cibis-autem
1440 994 1627 1042 utimur
1666 997 1800 1043 sucis

59 1082 62 1084 ’
116 1067 268 1117 alicae
309 1067 568 1132 aliquando
610 1073 659 1116 et
696 1068 932 1132 ptisanae,
972 1072 1021 1114 et
1061 1068 1165 1114 ovis
1203 1065 1535 1130 thermapalis.
1597 1072 1645 1115 et
1686 1067 1801 1116 cali·
1856 1100 1865 1108 -

114 1140 226 1189 dam
275 1156 450 1206 aquam
496 1140 660 1206 hibat,
715 1140 774 1189 ad
806 1139 1006 1188 modum
1045 1145 1236 1205 tamen,
1291 1155 1352 1188 ne
1400 1139 1651 1189 inflatione
1692 1142 1800 1190 eius

65 1241 68 1244 ⁴
117 1229 290 1263 rursus
329 1216 491 1263 vesica
530 1214 773 1270 tendatur.
843 1218 892 1262 et
932 1219 1214 1277 augmentet
1246 1228 1504 1277 quousque
1545 1213 1684 1262 dolor
1716 1214 1799 1263 de-

117 1289 260 1336 sinat.
338 1289 381 1337 si
420 1288 528 1336 fieri
558 1292 742 1352 potest,
787 1288 918 1335 inter
957 1286 1088 1335 diem
1128 1288 1348 1350 accipiat.
1399 1288 1442 1335 si
1481 1292 1646 1335 autem
1684 1303 1796 1351 per·
1823 1298 1866 1333 15

118 1362 417 1410 severaverit
456 1360 619 1425 dolor,
660 1359 1002 1423 cataplasmate
1042 1362 1197 1408 uteris
1238 1360 1287 1408 id
1328 1365 1403 1408 est
1442 1359 1698 1409 malactico
1740 1376 1801 1410 ex

117 1433 261 1482 melle
302 1439 351 1482 et
390 1433 661 1482 seminibus
692 1433 782 1481 lini
812 1433 942 1481 faeni
973 1435 1138 1496 graeci
1176 1438 1224 1481 et
1262 1432 1445 1497 polline
1477 1435 1645 1482 tritici.
1709 1435 1799 1482 im-

116 1522 271 1571 pones
311 1509 458 1556 etiam
498 1512 547 1555 et
586 1506 865 1555 cucurbitas
904 1506 997 1554 hoc
1038 1511 1112 1554 est
1153 1506 1287 1554 cusas
1332 1512 1572 1555 ventosas,
1652 1513 1798 1571 atque

21 1606 26 1610 -
116 1582 162 1628 si
216 1582 266 1628 in
319 1586 508 1629 tantum
569 1580 979 1644 perseveraverit,
1041 1581 1188 1627 etiam
1251 1579 1528 1645 scarifabiS,
1585 1585 1634 1628 et
1688 1587 1801 1644 post

115 1719 301 1776 pectine
341 1720 441 1764 cale
479 1719 625 1764 faciat
656 1719 1016 1776 (interiorum-'-
1029 1719 1186 1764 dolore
1229 1722 1343 1776 om..)
1496 1719 1799 1765 boethamate
1847 1746 1850 1750 Δ

115 1778 386 1823 adiuvanda
416 1794 452 1823 9·.

239 1845 259 1881 1
308 1837 546 1881 Interdum
599 1851 703 1881 cum
748 1838 914 1882 'dolore
954 1840 1035 1894 (sic
1069 1839 1231 1881 iterum
1261 1840 1301 1894 r)
1338 1838 1528 1881 delenda
1572 1839 1798 1883 videntur.

118 1901 143 1938 2
175 1895 383 1952 tepidius
414 1896 597 1952 pectine
629 1911 666 1940 9·.
781 1901 807 1939 3
831 1897 907 1940 vel
938 1896 1218 1953 —(6)dolore
1251 1910 1333 1941 0999.
1369 1897 1407 1940 b.
1529 1900 1557 1938 4
1585 1910 1679 1940 non
1709 1897 1803 1941 nisi

116 1954 229 1997 dum
260 1955 440 2012 repleta
470 1970 507 2000 9·.
664 1959 689 1997 6
722 1954 974 2012 incipiente
1008 1954 1164 1999 dolore
1197 1970 1233 1999 9·.
1415 1953 1556 1998 fuerit
1587 1970 1632 2000 9·.
1666 1955 1728 1999 sit
1760 1958 1798 2001 b.

118 2032 143 2070 7
178 2030 225 2071 et
253 2043 298 2073 r:
332 2027 414 2072 sed
432 2029 469 2072 b.
564 2032 590 2071 8
615 2027 772 2071 absint
804 2030 849 2072 b:
883 2043 965 2073 om.
990 2044 1028 2074 r.
1130 2027 1396 2076 fouentabis
1415 2029 1508 2084 (sic,
1539 2033 1593 2072 ut
1614 2029 1737 2085 solet)
1761 2043 1799 2072 9·.

115 2100 174 2130 ex
204 2086 512 2143 ipso—facies
546 2100 627 2130 om.
664 2087 701 2130 b.
796 2090 821 2129 9
856 2088 904 2130 et
935 2101 1039 2130 cum
1069 2086 1242 2130 sabano
1275 2088 1372 2143 (sic)
1404 2089 1482 2130 cat
1514 2086 1726 2143 deterges
1761 2088 1799 2131 b.

116 2144 337 2188 Preterea
366 2144 606 2201 ydreleum
636 2160 683 2189 r:
717 2146 765 2188 et
794 2147 958 2202 posty
964 2145 1229 2189 dromeleon
1261 2147 1300 2190 b.
1441 2150 1493 2188 10
1524 2145 1606 2189 fiet
1636 2145 1687 2188 in
1717 2159 1800 2189 vas

115 2203 167 2246 in
199 2217 288 2259 quo
320 2203 510 2260 paciens
544 2203 702 2247 sedere
735 2202 778 2247 d.
811 2206 858 2247 et
887 2219 930 2248 v.
931 2162 1003 2248 yb
1141 2204 1265 2259 quod
1296 2203 1346 2247 in
1375 2218 1418 2247 v.
1453 2203 1689 2247 adiectum
1719 2217 1801 2261 pa-

114 2263 277 2306 tensr
251 2277 288 2306 9·.
412 2267 465 2305 11
500 2275 610 2305 suco
643 2263 683 2317 b,
717 2275 852 2305 sucus
883 2277 921 2306 9·.
1029 2267 1077 2305 12
1112 2261 1404 2318 aliquantum
1434 2263 1575 2318 r(om.
1611 2264 1708 2318 b.).

49 2371 57 2379 ¹
114 2316 302 2376 ptisane
328 2321 375 2365 b.
406 2321 456 2377 ty
462 2333 603 2363 sanae
620 2335 658 2376 r,
692 2321 739 2364 et
762 2320 936 2364 ovister
958 2320 1158 2377 mapalis
1183 2322 1280 2377 (sic)
1311 2336 1356 2366 tr·
1391 2319 1503 2363 Ova
1521 2320 1802 2364 termantica.

119 2378 262 2435 apula
293 2380 332 2423 b
429 2337 502 2422 yet
532 2378 655 2435 (cal.)
689 2393 771 2423 om
796 2381 833 2424 b.
990 2383 1042 2422 13
1081 2378 1247 2423 bibant
1278 2380 1316 2423 b.
1468 2380 1626 2422 tamen
1664 2393 1722 2423 ne
1754 2394 1798 2424 r:

116 2439 227 2497 tane
260 2439 298 2482 b.
457 2436 718 2481 inflatione.
757 2436 1126 2482 inflammatione
1157 2439 1229 2482 rb.
1393 2436 1491 2481 eius
1523 2452 1605 2482 om.
1642 2439 1680 2482 b.

118 2500 175 2539 14
221 2500 356 2539 rursu
394 2510 431 2540 9·.
583 2497 631 2539 et
677 2498 948 2552 augmentet
995 2509 1085 2551 quo
1124 2510 1169 2541 rx
1217 2510 1298 2540 om.
1341 2497 1379 2540 b.
1478 2497 1481 2498 ⁷
1563 2499 1617 2539 15
1664 2495 1823 2541 inter.-

117 2553 243 2598 diem
273 2570 317 2599 9·.
350 2553 400 2597 111
428 2553 573 2597 tercio
607 2554 681 2598 die
714 2556 739 2599 b
764 2555 840 2611 (cf.
869 2554 986 2599 Cael.
1020 2555 1109 2599 chr.
1138 2558 1180 2610 5,
1205 2559 1263 2599 74
1294 2553 1556 2620 intervallis
1589 2554 1799 2612 dier.um)

116 2612 276 2656 cibum
307 2612 542 2669 accipiant
573 2614 610 2657 b.
711 2643 713 2645 ·
785 2618 838 2656 16
862 2613 1004 2657 dolor
1033 2626 1151 2670 pers.
1186 2614 1224 2657 b.
1374 2612 1403 2656 i.
1436 2612 1723 2657 malacteriis
1754 2630 1800 2659 r:

116 2685 201 2715 om.
236 2673 261 2716 b
286 2673 359 2727 (cf.
394 2672 546 2716 Escol.
581 2686 655 2728 ap.
691 2672 854 2728 Garip.
881 2677 924 2728 3,
950 2674 1038 2728 35)
1195 2676 1247 2715 17
1280 2671 1368 2715 11111
1401 2684 1498 2717 sem
1530 2674 1629 2729 (om.
1665 2674 1727 2730 et)
1762 2674 1800 2717 b.

117 2728 388 2796 foenugreci
419 2731 467 2774 et
496 2729 726 2786 polluines
745 2732 841 2787 (sic)
874 2745 912 2786 r,
944 2729 1206 2787 fenugrecO.
1242 2732 1289 2774 et
1318 2728 1426 2787 poll'
1465 2732 1506 2776 b.
1611 2731 1802 2788 Inponis

119 2787 264 2855 etiam
297 2789 344 2832 et
372 2803 417 2833 r·
451 2789 499 2832 et
529 2787 722 2845 inpones
748 2790 795 2832 et
821 2790 859 2833 b.
956 2794 1009 2833 18
1033 2788 1400 2833 hoc—ventosas
1425 2804 1507 2835 om.
1535 2791 1572 2834 b.
1659 2792 1801 2846 atque

118 2845 160 2890 si
190 2845 240 2890 in
270 2847 302 2891 t.
336 2861 382 2892 r:
415 2845 465 2891 Si
498 2846 629 2891 dolor
660 2849 698 2892 b.
820 2847 964 2892 etiam
989 2862 1022 2893 s.
1048 2862 1094 2893 r:
1128 2847 1249 2892 scari
1278 2847 1401 2892 fabit
1433 2862 1538 2898 eum
1567 2848 1721 2893 locum
1752 2849 1804 2893 in

50 2929 85 2958 -,
116 2918 209 2960 quo
243 2905 374 2962 dolor
406 2907 477 2949 est
509 2907 548 2951 b.
