<?xml version="1.0" encoding="UTF-8"?>
<!DOCTYPE html PUBLIC "-//W3C//DTD XHTML 1.0 Transitional//EN"
    "http://www.w3.org/TR/xhtml1/DTD/xhtml1-transitional.dtd">
<html xmlns="http://www.w3.org/1999/xhtml" xml:lang="en" lang="en">
 <head>
  <title>
</title>
<meta http-equiv="Content-Type" content="text/html;charset=utf-8" />
  <meta name='ocr-system' content='tesseract 3.04.00' />
  <meta name='ocr-capabilities' content='ocr_page ocr_carea ocr_par ocr_line ocrx_word'/>
</head>
<body>
  <div class='ocr_page' id='page_1' title='image "./theoeuporislibr00prisuoft_0504.png"; bbox 0 0 1988 3184; ppageno 0'>
   <div class='ocr_carea' id='block_1_1' title="bbox 1654 0 1988 299">
    <p class='ocr_par' dir='ltr' id='par_1_1' title="bbox 1654 0 1988 299">
     <span class='ocr_line' id='line_1_1' title="bbox 1654 0 1988 299; baseline 0 0"><span class='ocrx_word' id='word_1_1' title='bbox 1654 0 1988 299; x_wconf 95' lang='lat' dir='ltr'>  </span> 
     </span>
    </p>
   </div>
   <div class='ocr_carea' id='block_1_2' title="bbox 163 86 1181 189">
    <p class='ocr_par' dir='ltr' id='par_1_2' title="bbox 163 86 1181 189">
     <span class='ocr_line' id='line_1_2' title="bbox 163 86 1181 189; baseline 0.001 -16"><span class='ocrx_word' id='word_1_2' title='bbox 163 133 274 189; x_wconf 82' lang='lat'>472</span> <span class='ocrx_word' id='word_1_3' title='bbox 840 86 1181 174; x_wconf 70' lang='lat' dir='ltr'>vinmoiAm</span> 
     </span>
    </p>
   </div>
   <div class='ocr_carea' id='block_1_3' title="bbox 161 262 1988 390">
    <p class='ocr_par' dir='ltr' id='par_1_3' title="bbox 161 236 1988 390">
     <span class='ocr_line' id='line_1_3' title="bbox 161 262 1963 319; baseline -0.006 -4"><span class='ocrx_word' id='word_1_4' title='bbox 161 285 275 315; x_wconf 91' lang='lat' dir='ltr'>nam</span> <span class='ocrx_word' id='word_1_5' title='bbox 310 267 542 313; x_wconf 74' lang='lat' dir='ltr'>foramina</span> <span class='ocrx_word' id='word_1_6' title='bbox 582 268 691 310; x_wconf 90' lang='lat' dir='ltr'>sunt</span> <span class='ocrx_word' id='word_1_7' title='bbox 728 265 780 309; x_wconf 93' lang='lat' dir='ltr'>in</span> <span class='ocrx_word' id='word_1_8' title='bbox 818 263 886 309; x_wconf 90' lang='lat' dir='ltr'>eis</span> <span class='ocrx_word' id='word_1_9' title='bbox 925 262 1076 319; x_wconf 90' lang='grc' dir='ltr'>ΧΠΠ,</span> <span class='ocrx_word' id='word_1_10' title='bbox 1120 276 1237 319; x_wconf 90' lang='lat' dir='ltr'>quas</span> <span class='ocrx_word' id='word_1_11' title='bbox 1275 262 1405 319; x_wconf 85' lang='lat' dir='ltr'>greci</span> <span class='ocrx_word' id='word_1_12' title='bbox 1442 262 1628 308; x_wconf 87' lang='lat' dir='ltr'>brocias</span> <span class='ocrx_word' id='word_1_13' title='bbox 1666 266 1852 311; x_wconf 81' lang='lat' dir='ltr'>vocant.</span> <span class='ocrx_word' id='word_1_14' title='bbox 1942 269 1963 304; x_wconf 59' lang='grc' dir='ltr'>ἑ</span> 
     </span>
     <span class='ocr_line' id='line_1_4' title="bbox 161 328 1988 390; baseline -0.003 -9"><span class='ocrx_word' id='word_1_15' title='bbox 161 351 274 381; x_wconf 89' lang='lat' dir='ltr'>nam</span> <span class='ocrx_word' id='word_1_16' title='bbox 302 335 392 379; x_wconf 85' lang='lat' dir='ltr'>hoc</span> <span class='ocrx_word' id='word_1_17' title='bbox 423 333 550 390; x_wconf 89' lang='lat' dir='ltr'>quod</span> <span class='ocrx_word' id='word_1_18' title='bbox 579 331 816 388; x_wconf 90' lang='lat' dir='ltr'>loquimur</span> <span class='ocrx_word' id='word_1_19' title='bbox 844 329 1006 387; x_wconf 91' lang='lat' dir='ltr'>pulmo</span> <span class='ocrx_word' id='word_1_20' title='bbox 1037 331 1232 386; x_wconf 85' lang='lat' dir='ltr'>prestat.</span> <span class='ocrx_word' id='word_1_21' title='bbox 1277 328 1361 373; x_wconf 89' lang='lat' dir='ltr'>ubi</span> <span class='ocrx_word' id='word_1_22' title='bbox 1400 329 1526 374; x_wconf 91' lang='lat' dir='ltr'>enim</span> <span class='ocrx_word' id='word_1_23' title='bbox 1555 343 1640 387; x_wconf 90' lang='lat' dir='ltr'>per</span> <span class='ocrx_word' id='word_1_24' title='bbox 1668 330 1855 377; x_wconf 79' lang='lat' dir='ltr'>fistulas</span> <span class='ocrx_word' id='word_1_25' title='bbox 1916 360 1934 364; x_wconf 98' lang='lat'><em>-</em></span> <span class='ocrx_word' id='word_1_26' title='bbox 1955 356 1959 358; x_wconf 89' lang='lat'><em>-</em></span> <span class='ocrx_word' id='word_1_27' title='bbox 1980 345 1988 350; x_wconf 82' lang='lat'>·</span> 
     </span>
    </p>
   </div>
   <div class='ocr_carea' id='block_1_4' title="bbox 115 394 1855 853">
    <p class='ocr_par' dir='ltr' id='par_1_4' title="bbox 115 394 1855 853">
     <span class='ocr_line' id='line_1_5' title="bbox 161 394 1854 457; baseline -0.002 -10"><span class='ocrx_word' id='word_1_28' title='bbox 161 403 213 447; x_wconf 91' lang='lat' dir='ltr'>id</span> <span class='ocrx_word' id='word_1_29' title='bbox 245 404 317 447; x_wconf 86' lang='lat' dir='ltr'>est</span> <span class='ocrx_word' id='word_1_30' title='bbox 353 414 437 457; x_wconf 91' lang='lat' dir='ltr'>per</span> <span class='ocrx_word' id='word_1_31' title='bbox 476 398 674 443; x_wconf 77' lang='lat' dir='ltr'>arterias</span> <span class='ocrx_word' id='word_1_32' title='bbox 712 396 919 454; x_wconf 88' lang='lat' dir='ltr'>repletus</span> <span class='ocrx_word' id='word_1_33' title='bbox 960 394 1152 452; x_wconf 87' lang='lat' dir='ltr'>spiritus</span> <span class='ocrx_word' id='word_1_34' title='bbox 1192 394 1379 440; x_wconf 84' lang='lat' dir='ltr'>inflavit</span> <span class='ocrx_word' id='word_1_35' title='bbox 1415 395 1559 440; x_wconf 86' lang='lat' dir='ltr'>fibras</span> <span class='ocrx_word' id='word_1_36' title='bbox 1601 411 1854 455; x_wconf 78' lang='lat' dir='ltr'>rursusque</span> 
     </span>
     <span class='ocr_line' id='line_1_6' title="bbox 161 461 1854 538; baseline -0.002 -25"><span class='ocrx_word' id='word_1_37' title='bbox 161 470 212 513; x_wconf 92' lang='lat' dir='ltr'>in</span> <span class='ocrx_word' id='word_1_38' title='bbox 251 482 299 512; x_wconf 93' lang='lat' dir='ltr'>se</span> <span class='ocrx_word' id='word_1_39' title='bbox 337 465 535 522; x_wconf 88' lang='lat' dir='ltr'>recepit,</span> <span class='ocrx_word' id='word_1_40' title='bbox 582 467 637 509; x_wconf 92' lang='lat' dir='ltr'>ut</span> <span class='ocrx_word' id='word_1_41' title='bbox 676 466 792 538; x_wconf 82' lang='lat' dir='ltr'>aput</span> <span class='ocrx_word' id='word_1_42' title='bbox 830 462 990 507; x_wconf 80' lang='lat' dir='ltr'>fabros</span> <span class='ocrx_word' id='word_1_43' title='bbox 1029 461 1167 506; x_wconf 89' lang='lat' dir='ltr'>folles</span> <span class='ocrx_word' id='word_1_44' title='bbox 1207 461 1361 506; x_wconf 89' lang='lat' dir='ltr'>solent</span> <span class='ocrx_word' id='word_1_45' title='bbox 1403 462 1622 519; x_wconf 88' lang='lat' dir='ltr'>spiritum</span> <span class='ocrx_word' id='word_1_46' title='bbox 1667 464 1854 510; x_wconf 77' lang='lat' dir='ltr'>trahere</span> 
     </span>
     <span class='ocr_line' id='line_1_7' title="bbox 115 528 1853 589; baseline -0.003 -9"><span class='ocrx_word' id='word_1_47' title='bbox 115 547 138 581; x_wconf 84' lang='lat'>5</span> <span class='ocrx_word' id='word_1_48' title='bbox 161 535 300 579; x_wconf 91' lang='lat' dir='ltr'>modo</span> <span class='ocrx_word' id='word_1_49' title='bbox 331 533 571 589; x_wconf 89' lang='lat' dir='ltr'>receptum</span> <span class='ocrx_word' id='word_1_50' title='bbox 609 529 888 587; x_wconf 85' lang='lat' dir='ltr'>exprimere,</span> <span class='ocrx_word' id='word_1_51' title='bbox 927 542 1012 584; x_wconf 90' lang='lat' dir='ltr'>per</span> <span class='ocrx_word' id='word_1_52' title='bbox 1051 530 1252 585; x_wconf 88' lang='lat' dir='ltr'>angusto</span> <span class='ocrx_word' id='word_1_53' title='bbox 1293 528 1447 586; x_wconf 90' lang='lat' dir='ltr'>spatio</span> <span class='ocrx_word' id='word_1_54' title='bbox 1486 529 1584 574; x_wconf 89' lang='lat' dir='ltr'>ictu</span> <span class='ocrx_word' id='word_1_55' title='bbox 1625 544 1708 575; x_wconf 91' lang='lat' dir='ltr'>suo</span> <span class='ocrx_word' id='word_1_56' title='bbox 1748 544 1853 574; x_wconf 87' lang='lat' dir='ltr'>san-</span> 
     </span>
     <span class='ocr_line' id='line_1_8' title="bbox 160 594 1855 658; baseline -0.001 -14"><span class='ocrx_word' id='word_1_57' title='bbox 160 601 351 658; x_wconf 90' lang='lat' dir='ltr'>guinem</span> <span class='ocrx_word' id='word_1_58' title='bbox 398 611 654 653; x_wconf 88' lang='lat' dir='ltr'>sonumque</span> <span class='ocrx_word' id='word_1_59' title='bbox 700 595 891 653; x_wconf 90' lang='lat' dir='ltr'>inpulsu</span> <span class='ocrx_word' id='word_1_60' title='bbox 939 608 1021 638; x_wconf 88' lang='lat' dir='ltr'>suo</span> <span class='ocrx_word' id='word_1_61' title='bbox 1067 594 1247 639; x_wconf 89' lang='lat' dir='ltr'>faciens</span> <span class='ocrx_word' id='word_1_62' title='bbox 1296 597 1576 641; x_wconf 86' lang='lat' dir='ltr'>excautatur</span> <span class='ocrx_word' id='word_1_63' title='bbox 1617 611 1765 653; x_wconf 91' lang='lat' dir='ltr'>usque</span> <span class='ocrx_word' id='word_1_64' title='bbox 1803 597 1855 642; x_wconf 91' lang='lat' dir='ltr'>in</span> 
     </span>
     <span class='ocr_line' id='line_1_9' title="bbox 161 661 1855 724; baseline -0.001 -13"><span class='ocrx_word' id='word_1_65' title='bbox 161 664 493 724; x_wconf 87' lang='lat' dir='ltr'>epiglosidem,</span> <span class='ocrx_word' id='word_1_66' title='bbox 540 677 626 708; x_wconf 93' lang='lat' dir='ltr'>nec</span> <span class='ocrx_word' id='word_1_67' title='bbox 664 665 826 707; x_wconf 86' lang='lat' dir='ltr'>tamen</span> <span class='ocrx_word' id='word_1_68' title='bbox 863 661 979 718; x_wconf 89' lang='lat' dir='ltr'>plus</span> <span class='ocrx_word' id='word_1_69' title='bbox 1010 675 1153 717; x_wconf 86' lang='lat' dir='ltr'>quam</span> <span class='ocrx_word' id='word_1_70' title='bbox 1191 661 1398 718; x_wconf 90' lang='lat' dir='ltr'>quinque</span> <span class='ocrx_word' id='word_1_71' title='bbox 1436 677 1576 707; x_wconf 81' lang='lat' dir='ltr'>voces</span> <span class='ocrx_word' id='word_1_72' title='bbox 1614 662 1855 721; x_wconf 72' lang='lat' dir='ltr'>intellegit</span> 
     </span>
     <span class='ocr_line' id='line_1_10' title="bbox 161 728 1853 790; baseline -0.001 -13"><span class='ocrx_word' id='word_1_73' title='bbox 161 731 442 790; x_wconf 90' lang='lat' dir='ltr'>epigloside,</span> <span class='ocrx_word' id='word_1_74' title='bbox 483 744 575 786; x_wconf 89' lang='lat' dir='ltr'>quo</span> <span class='ocrx_word' id='word_1_75' title='bbox 616 743 730 773; x_wconf 90' lang='lat' dir='ltr'>sono</span> <span class='ocrx_word' id='word_1_76' title='bbox 769 728 957 773; x_wconf 86' lang='lat' dir='ltr'>vocales</span> <span class='ocrx_word' id='word_1_77' title='bbox 991 728 1297 784; x_wconf 86' lang='lat' dir='ltr'>appellamus.</span> <span class='ocrx_word' id='word_1_78' title='bbox 1340 743 1484 784; x_wconf 90' lang='lat' dir='ltr'>quare</span> <span class='ocrx_word' id='word_1_79' title='bbox 1525 744 1744 787; x_wconf 88' lang='lat' dir='ltr'>spumosa</span> <span class='ocrx_word' id='word_1_80' title='bbox 1776 744 1853 774; x_wconf 84' lang='lat' dir='ltr'>ex-</span> 
     </span>
     <span class='ocr_line' id='line_1_11' title="bbox 160 794 1852 853; baseline -0.002 -9"><span class='ocrx_word' id='word_1_81' title='bbox 160 804 399 844; x_wconf 82' lang='lat' dir='ltr'>oreamus‘?</span> <span class='ocrx_word' id='word_1_82' title='bbox 439 796 551 852; x_wconf 86' lang='lat' dir='ltr'>quia</span> <span class='ocrx_word' id='word_1_83' title='bbox 588 810 807 853; x_wconf 88' lang='lat' dir='ltr'>pressura</span> <span class='ocrx_word' id='word_1_84' title='bbox 845 794 1122 852; x_wconf 90' lang='lat' dir='ltr'>pulmonum</span> <span class='ocrx_word' id='word_1_85' title='bbox 1159 808 1243 851; x_wconf 92' lang='lat' dir='ltr'>per</span> <span class='ocrx_word' id='word_1_86' title='bbox 1281 795 1519 851; x_wconf 88' lang='lat' dir='ltr'>inquietas</span> <span class='ocrx_word' id='word_1_87' title='bbox 1558 796 1661 841; x_wconf 85' lang='lat' dir='ltr'>vias</span> <span class='ocrx_word' id='word_1_88' title='bbox 1700 799 1852 841; x_wconf 88' lang='lat' dir='ltr'>trans-</span> 
     </span>
    </p>
   </div>
   <div class='ocr_carea' id='block_1_5' title="bbox 20 855 1853 923">
    <p class='ocr_par' dir='ltr' id='par_1_5' title="bbox 20 855 1853 923">
     <span class='ocr_line' id='line_1_12' title="bbox 20 855 1853 923; baseline -0.002 -12"><span class='ocrx_word' id='word_1_89' title='bbox 20 855 22 857; x_wconf 24' lang='lat'>·</span> <span class='ocrx_word' id='word_1_90' title='bbox 92 880 136 911; x_wconf 87' lang='lat'>10</span> <span class='ocrx_word' id='word_1_91' title='bbox 159 865 404 923; x_wconf 88' lang='lat' dir='ltr'>figurando</span> <span class='ocrx_word' id='word_1_92' title='bbox 446 877 689 920; x_wconf 84' lang='lat' dir='ltr'>expressus</span> <span class='ocrx_word' id='word_1_93' title='bbox 729 862 897 906; x_wconf 89' lang='lat' dir='ltr'>humor</span> <span class='ocrx_word' id='word_1_94' title='bbox 943 863 1151 918; x_wconf 88' lang='lat' dir='ltr'>spumat,</span> <span class='ocrx_word' id='word_1_95' title='bbox 1200 864 1249 906; x_wconf 91' lang='lat' dir='ltr'>et</span> <span class='ocrx_word' id='word_1_96' title='bbox 1286 861 1481 906; x_wconf 90' lang='lat' dir='ltr'>intimus</span> <span class='ocrx_word' id='word_1_97' title='bbox 1530 863 1658 907; x_wconf 88' lang='lat' dir='ltr'>calor</span> <span class='ocrx_word' id='word_1_98' title='bbox 1703 863 1853 907; x_wconf 88' lang='lat' dir='ltr'>nostri</span> 
     </span>
    </p>
   </div>
   <div class='ocr_carea' id='block_1_6' title="bbox 87 928 1851 1919">
    <p class='ocr_par' dir='ltr' id='par_1_6' title="bbox 87 928 1851 1919">
     <span class='ocr_line' id='line_1_13' title="bbox 157 928 1851 986; baseline -0.002 -9"><span class='ocrx_word' id='word_1_99' title='bbox 157 931 385 977; x_wconf 86' lang='lat' dir='ltr'>materiae</span> <span class='ocrx_word' id='word_1_100' title='bbox 416 930 506 974; x_wconf 88' lang='lat' dir='ltr'>hoo</span> <span class='ocrx_word' id='word_1_101' title='bbox 539 932 611 974; x_wconf 89' lang='lat' dir='ltr'>est</span> <span class='ocrx_word' id='word_1_102' title='bbox 641 930 810 973; x_wconf 90' lang='lat' dir='ltr'>humor</span> <span class='ocrx_word' id='word_1_103' title='bbox 841 930 1063 972; x_wconf 87' lang='lat' dir='ltr'>exaustus</span> <span class='ocrx_word' id='word_1_104' title='bbox 1095 928 1245 973; x_wconf 84' lang='lat' dir='ltr'>veluti</span> <span class='ocrx_word' id='word_1_105' title='bbox 1277 928 1328 972; x_wconf 85' lang='lat' dir='ltr'>in</span> <span class='ocrx_word' id='word_1_106' title='bbox 1356 929 1494 973; x_wconf 87' lang='lat' dir='ltr'>nobis</span> <span class='ocrx_word' id='word_1_107' title='bbox 1526 929 1577 973; x_wconf 90' lang='lat' dir='ltr'>in</span> <span class='ocrx_word' id='word_1_108' title='bbox 1608 932 1751 986; x_wconf 87' lang='lat' dir='ltr'>caput</span> <span class='ocrx_word' id='word_1_109' title='bbox 1780 945 1851 974; x_wconf 90' lang='lat' dir='ltr'>re-</span> 
     </span>
     <span class='ocr_line' id='line_1_14' title="bbox 158 994 1851 1054; baseline -0.001 -12"><span class='ocrx_word' id='word_1_110' title='bbox 158 999 262 1044; x_wconf 89' lang='lat' dir='ltr'>fert.</span> <span class='ocrx_word' id='word_1_111' title='bbox 304 1011 443 1054; x_wconf 91' lang='lat' dir='ltr'>quem</span> <span class='ocrx_word' id='word_1_112' title='bbox 480 996 689 1053; x_wconf 91' lang='lat' dir='ltr'>partium</span> <span class='ocrx_word' id='word_1_113' title='bbox 729 994 935 1040; x_wconf 79' lang='lat' dir='ltr'>officium</span> <span class='ocrx_word' id='word_1_114' title='bbox 976 997 1059 1039; x_wconf 90' lang='lat' dir='ltr'>aut</span> <span class='ocrx_word' id='word_1_115' title='bbox 1099 998 1224 1039; x_wconf 86' lang='lat' dir='ltr'>sorte</span> <span class='ocrx_word' id='word_1_116' title='bbox 1263 995 1518 1053; x_wconf 88' lang='lat' dir='ltr'>recipiunt,</span> <span class='ocrx_word' id='word_1_117' title='bbox 1567 996 1701 1040; x_wconf 86' lang='lat' dir='ltr'>siccis</span> <span class='ocrx_word' id='word_1_118' title='bbox 1733 996 1851 1041; x_wconf 89' lang='lat' dir='ltr'>locis</span> 
     </span>
     <span class='ocr_line' id='line_1_15' title="bbox 157 1061 1315 1122; baseline -0.003 -12"><span class='ocrx_word' id='word_1_119' title='bbox 157 1066 437 1122; x_wconf 87' lang='lat' dir='ltr'>temperant,</span> <span class='ocrx_word' id='word_1_120' title='bbox 470 1063 716 1107; x_wconf 83' lang='lat' dir='ltr'>lacrimam</span> <span class='ocrx_word' id='word_1_121' title='bbox 746 1076 961 1106; x_wconf 90' lang='lat' dir='ltr'>muccum</span> <span class='ocrx_word' id='word_1_122' title='bbox 992 1061 1069 1106; x_wconf 88' lang='lat' dir='ltr'>vel</span> <span class='ocrx_word' id='word_1_123' title='bbox 1102 1061 1315 1106; x_wconf 86' lang='lat' dir='ltr'>salivam.</span> 
     </span>
     <span class='ocr_line' id='line_1_16' title="bbox 279 1128 1850 1185; baseline -0.002 -10"><span class='ocrx_word' id='word_1_124' title='bbox 279 1130 640 1175; x_wconf 80' lang='lat' dir='ltr'>Stomachum</span> <span class='ocrx_word' id='word_1_125' title='bbox 680 1130 839 1172; x_wconf 88' lang='lat' dir='ltr'>autem</span> <span class='ocrx_word' id='word_1_126' title='bbox 876 1130 1110 1185; x_wconf 89' lang='lat' dir='ltr'>nostrum,</span> <span class='ocrx_word' id='word_1_127' title='bbox 1151 1128 1233 1184; x_wconf 90' lang='lat' dir='ltr'>qui</span> <span class='ocrx_word' id='word_1_128' title='bbox 1274 1128 1535 1172; x_wconf 89' lang='lat' dir='ltr'>dominium</span> <span class='ocrx_word' id='word_1_129' title='bbox 1571 1129 1719 1173; x_wconf 87' lang='lat' dir='ltr'>totius</span> <span class='ocrx_word' id='word_1_130' title='bbox 1752 1144 1850 1174; x_wconf 89' lang='lat' dir='ltr'>cor-</span> 
     </span>
     <span class='ocr_line' id='line_1_17' title="bbox 91 1193 1850 1255; baseline 0 -15"><span class='ocrx_word' id='word_1_131' title='bbox 91 1208 135 1242; x_wconf 87' lang='lat'>15</span> <span class='ocrx_word' id='word_1_132' title='bbox 157 1198 285 1255; x_wconf 88' lang='lat' dir='ltr'>poris</span> <span class='ocrx_word' id='word_1_133' title='bbox 323 1197 556 1254; x_wconf 82' lang='lat' dir='ltr'>possidet,</span> <span class='ocrx_word' id='word_1_134' title='bbox 598 1195 824 1239; x_wconf 88' lang='lat' dir='ltr'>alimenta</span> <span class='ocrx_word' id='word_1_135' title='bbox 866 1193 1051 1250; x_wconf 87' lang='lat' dir='ltr'>digerit.</span> <span class='ocrx_word' id='word_1_136' title='bbox 1100 1208 1185 1252; x_wconf 90' lang='lat' dir='ltr'>per</span> <span class='ocrx_word' id='word_1_137' title='bbox 1231 1209 1371 1249; x_wconf 89' lang='lat' dir='ltr'>quem</span> <span class='ocrx_word' id='word_1_138' title='bbox 1409 1195 1583 1240; x_wconf 90' lang='lat' dir='ltr'>famem</span> <span class='ocrx_word' id='word_1_139' title='bbox 1629 1195 1850 1252; x_wconf 87' lang='lat' dir='ltr'>sitimque</span> 
     </span>
     <span class='ocr_line' id='line_1_18' title="bbox 158 1259 1850 1319; baseline -0.002 -11"><span class='ocrx_word' id='word_1_140' title='bbox 158 1264 398 1319; x_wconf 87' lang='lat' dir='ltr'>sentimus,</span> <span class='ocrx_word' id='word_1_141' title='bbox 430 1262 585 1306; x_wconf 91' lang='lat' dir='ltr'>medio</span> <span class='ocrx_word' id='word_1_142' title='bbox 617 1276 856 1317; x_wconf 76' lang='lat' dir='ltr'>nerVOSUS,</span> <span class='ocrx_word' id='word_1_143' title='bbox 899 1261 1065 1305; x_wconf 85' lang='lat' dir='ltr'>dextra</span> <span class='ocrx_word' id='word_1_144' title='bbox 1095 1259 1296 1317; x_wconf 85' lang='lat' dir='ltr'>levaque</span> <span class='ocrx_word' id='word_1_145' title='bbox 1328 1274 1447 1305; x_wconf 87' lang='lat' dir='ltr'>vene</span> <span class='ocrx_word' id='word_1_146' title='bbox 1479 1261 1684 1318; x_wconf 87' lang='lat' dir='ltr'>sanguis.</span> <span class='ocrx_word' id='word_1_147' title='bbox 1724 1262 1850 1319; x_wconf 89' lang='lat' dir='ltr'>posi—</span> 
     </span>
     <span class='ocr_line' id='line_1_19' title="bbox 156 1327 1851 1384; baseline -0.001 -10"><span class='ocrx_word' id='word_1_148' title='bbox 156 1332 233 1374; x_wconf 87' lang='lat' dir='ltr'>tus</span> <span class='ocrx_word' id='word_1_149' title='bbox 266 1332 338 1374; x_wconf 90' lang='lat' dir='ltr'>est</span> <span class='ocrx_word' id='word_1_150' title='bbox 371 1331 530 1373; x_wconf 89' lang='lat' dir='ltr'>autem</span> <span class='ocrx_word' id='word_1_151' title='bbox 560 1328 684 1372; x_wconf 85' lang='lat' dir='ltr'>inter</span> <span class='ocrx_word' id='word_1_152' title='bbox 717 1328 880 1371; x_wconf 87' lang='lat' dir='ltr'>ambas</span> <span class='ocrx_word' id='word_1_153' title='bbox 911 1329 1071 1384; x_wconf 88' lang='lat' dir='ltr'>partes</span> <span class='ocrx_word' id='word_1_154' title='bbox 1098 1327 1397 1384; x_wconf 85' lang='lat' dir='ltr'>scapularum</span> <span class='ocrx_word' id='word_1_155' title='bbox 1427 1327 1553 1372; x_wconf 88' lang='lat' dir='ltr'>intra</span> <span class='ocrx_word' id='word_1_156' title='bbox 1583 1329 1851 1373; x_wconf 85' lang='lat' dir='ltr'>vertebram</span> 
     </span>
     <span class='ocr_line' id='line_1_20' title="bbox 158 1393 1851 1452; baseline -0.001 -12"><span class='ocrx_word' id='word_1_157' title='bbox 158 1395 359 1452; x_wconf 88' lang='lat' dir='ltr'>septima</span> <span class='ocrx_word' id='word_1_158' title='bbox 391 1394 608 1450; x_wconf 84' lang='lat' dir='ltr'>cervices,</span> <span class='ocrx_word' id='word_1_159' title='bbox 641 1394 765 1438; x_wconf 88' lang='lat' dir='ltr'>inter</span> <span class='ocrx_word' id='word_1_160' title='bbox 799 1394 915 1437; x_wconf 87' lang='lat' dir='ltr'>duas</span> <span class='ocrx_word' id='word_1_161' title='bbox 949 1393 1147 1438; x_wconf 84' lang='lat' dir='ltr'>arterias</span> <span class='ocrx_word' id='word_1_162' title='bbox 1181 1393 1348 1437; x_wconf 79' lang='lat' dir='ltr'>similis</span> <span class='ocrx_word' id='word_1_163' title='bbox 1379 1393 1627 1451; x_wconf 91' lang='lat' dir='ltr'>intestino,</span> <span class='ocrx_word' id='word_1_164' title='bbox 1666 1395 1851 1452; x_wconf 86' lang='lat' dir='ltr'>plenior</span> 
     </span>
     <span class='ocr_line' id='line_1_21' title="bbox 157 1460 1849 1519; baseline 0.001 -13"><span class='ocrx_word' id='word_1_165' title='bbox 157 1462 359 1518; x_wconf 89' lang='lat' dir='ltr'>quidem.</span> <span class='ocrx_word' id='word_1_166' title='bbox 389 1465 531 1518; x_wconf 90' lang='lat' dir='ltr'>atque</span> <span class='ocrx_word' id='word_1_167' title='bbox 555 1461 770 1506; x_wconf 89' lang='lat' dir='ltr'>rotundis</span> <span class='ocrx_word' id='word_1_168' title='bbox 797 1463 983 1505; x_wconf 89' lang='lat' dir='ltr'>constat</span> <span class='ocrx_word' id='word_1_169' title='bbox 1006 1460 1246 1517; x_wconf 84' lang='lat' dir='ltr'>tuniculis,</span> <span class='ocrx_word' id='word_1_170' title='bbox 1274 1461 1549 1517; x_wconf 90' lang='lat' dir='ltr'>duabusque</span> <span class='ocrx_word' id='word_1_171' title='bbox 1574 1465 1849 1519; x_wconf 84' lang='lat' dir='ltr'>exasperate</span> 
     </span>
     <span class='ocr_line' id='line_1_22' title="bbox 89 1527 1850 1584; baseline 0.001 -12"><span class='ocrx_word' id='word_1_172' title='bbox 89 1541 132 1572; x_wconf 83' lang='lat'>20</span> <span class='ocrx_word' id='word_1_173' title='bbox 157 1530 292 1573; x_wconf 87' lang='lat' dir='ltr'>tarde</span> <span class='ocrx_word' id='word_1_174' title='bbox 323 1530 559 1574; x_wconf 85' lang='lat' dir='ltr'>resedunt.</span> <span class='ocrx_word' id='word_1_175' title='bbox 592 1528 789 1573; x_wconf 83' lang='lat' dir='ltr'>vulnera</span> <span class='ocrx_word' id='word_1_176' title='bbox 820 1530 1020 1575; x_wconf 89' lang='lat' dir='ltr'>mortem</span> <span class='ocrx_word' id='word_1_177' title='bbox 1050 1527 1279 1584; x_wconf 85' lang='lat' dir='ltr'>inferunt,</span> <span class='ocrx_word' id='word_1_178' title='bbox 1312 1527 1425 1583; x_wconf 91' lang='lat' dir='ltr'>quia</span> <span class='ocrx_word' id='word_1_179' title='bbox 1456 1527 1725 1573; x_wconf 86' lang='lat' dir='ltr'>cicatricem</span> <span class='ocrx_word' id='word_1_180' title='bbox 1754 1544 1850 1574; x_wconf 93' lang='lat' dir='ltr'>non</span> 
     </span>
     <span class='ocr_line' id='line_1_23' title="bbox 157 1594 1850 1652; baseline 0.001 -13"><span class='ocrx_word' id='word_1_181' title='bbox 157 1596 405 1641; x_wconf 88' lang='lat' dir='ltr'>deducunt.</span> <span class='ocrx_word' id='word_1_182' title='bbox 454 1595 629 1652; x_wconf 89' lang='lat' dir='ltr'>positio</span> <span class='ocrx_word' id='word_1_183' title='bbox 677 1594 807 1638; x_wconf 89' lang='lat' dir='ltr'>illius</span> <span class='ocrx_word' id='word_1_184' title='bbox 854 1609 949 1638; x_wconf 89' lang='lat' dir='ltr'>una</span> <span class='ocrx_word' id='word_1_185' title='bbox 994 1597 1130 1651; x_wconf 86' lang='lat' dir='ltr'>parte</span> <span class='ocrx_word' id='word_1_186' title='bbox 1178 1594 1423 1651; x_wconf 88' lang='lat' dir='ltr'>angustior</span> <span class='ocrx_word' id='word_1_187' title='bbox 1460 1594 1511 1638; x_wconf 91' lang='lat' dir='ltr'>in</span> <span class='ocrx_word' id='word_1_188' title='bbox 1558 1610 1737 1640; x_wconf 89' lang='lat' dir='ltr'>summo</span> <span class='ocrx_word' id='word_1_189' title='bbox 1777 1599 1850 1641; x_wconf 88' lang='lat' dir='ltr'>est</span> 
     </span>
     <span class='ocr_line' id='line_1_24' title="bbox 154 1661 1848 1719; baseline 0.001 -14"><span class='ocrx_word' id='word_1_190' title='bbox 154 1662 413 1706; x_wconf 88' lang='lat' dir='ltr'>mammillo</span> <span class='ocrx_word' id='word_1_191' title='bbox 449 1661 667 1706; x_wconf 87' lang='lat' dir='ltr'>defusior.</span> <span class='ocrx_word' id='word_1_192' title='bbox 703 1664 923 1718; x_wconf 87' lang='lat' dir='ltr'>acceptus</span> <span class='ocrx_word' id='word_1_193' title='bbox 950 1661 1075 1705; x_wconf 89' lang='lat' dir='ltr'>enim</span> <span class='ocrx_word' id='word_1_194' title='bbox 1100 1661 1232 1705; x_wconf 87' lang='lat' dir='ltr'>cibus</span> <span class='ocrx_word' id='word_1_195' title='bbox 1260 1661 1507 1717; x_wconf 90' lang='lat' dir='ltr'>paululum</span> <span class='ocrx_word' id='word_1_196' title='bbox 1532 1662 1668 1719; x_wconf 89' lang='lat' dir='ltr'>sedit,</span> <span class='ocrx_word' id='word_1_197' title='bbox 1701 1663 1848 1706; x_wconf 90' lang='lat' dir='ltr'>donec</span> 
     </span>
     <span class='ocr_line' id='line_1_25' title="bbox 154 1727 1850 1785; baseline 0.001 -14"><span class='ocrx_word' id='word_1_198' title='bbox 154 1729 281 1784; x_wconf 88' lang='lat' dir='ltr'>quod</span> <span class='ocrx_word' id='word_1_199' title='bbox 314 1728 675 1772; x_wconf 85' lang='lat' dir='ltr'>subtilissimum</span> <span class='ocrx_word' id='word_1_200' title='bbox 698 1728 842 1772; x_wconf 87' lang='lat' dir='ltr'>fuerit</span> <span class='ocrx_word' id='word_1_201' title='bbox 864 1728 915 1771; x_wconf 91' lang='lat' dir='ltr'>in</span> <span class='ocrx_word' id='word_1_202' title='bbox 940 1727 1219 1772; x_wconf 89' lang='lat' dir='ltr'>alimentum</span> <span class='ocrx_word' id='word_1_203' title='bbox 1244 1728 1551 1785; x_wconf 86' lang='lat' dir='ltr'>dispensetur.</span> <span class='ocrx_word' id='word_1_204' title='bbox 1585 1731 1698 1773; x_wconf 87' lang='lat' dir='ltr'>tunc</span> <span class='ocrx_word' id='word_1_205' title='bbox 1722 1730 1850 1785; x_wconf 89' lang='lat' dir='ltr'>quod.</span> 
     </span>
     <span class='ocr_line' id='line_1_26' title="bbox 156 1794 1849 1852; baseline 0.001 -14"><span class='ocrx_word' id='word_1_206' title='bbox 156 1809 494 1851; x_wconf 80' lang='lat' dir='ltr'>supervacuum</span> <span class='ocrx_word' id='word_1_207' title='bbox 526 1797 668 1850; x_wconf 89' lang='lat' dir='ltr'>atque</span> <span class='ocrx_word' id='word_1_208' title='bbox 702 1796 894 1838; x_wconf 83' lang='lat' dir='ltr'>exutum</span> <span class='ocrx_word' id='word_1_209' title='bbox 934 1794 1000 1838; x_wconf 88' lang='lat' dir='ltr'>sio</span> <span class='ocrx_word' id='word_1_210' title='bbox 1031 1795 1082 1838; x_wconf 92' lang='lat' dir='ltr'>in</span> <span class='ocrx_word' id='word_1_211' title='bbox 1120 1797 1333 1839; x_wconf 85' lang='lat' dir='ltr'>ventrem</span> <span class='ocrx_word' id='word_1_212' title='bbox 1365 1794 1577 1839; x_wconf 87' lang='lat' dir='ltr'>dimittit.</span> <span class='ocrx_word' id='word_1_213' title='bbox 1623 1795 1704 1840; x_wconf 86' lang='lat' dir='ltr'>ille</span> <span class='ocrx_word' id='word_1_214' title='bbox 1738 1810 1849 1852; x_wconf 89' lang='lat' dir='ltr'>ergo</span> 
     </span>
     <span class='ocr_line' id='line_1_27' title="bbox 87 1861 1850 1919; baseline 0.002 -16"><span class='ocrx_word' id='word_1_215' title='bbox 87 1871 131 1903; x_wconf 85' lang='lat'>25</span> <span class='ocrx_word' id='word_1_216' title='bbox 156 1875 261 1905; x_wconf 87' lang='lat' dir='ltr'>oum</span> <span class='ocrx_word' id='word_1_217' title='bbox 301 1861 570 1918; x_wconf 82' lang='lat' dir='ltr'>digesserit,</span> <span class='ocrx_word' id='word_1_218' title='bbox 620 1861 794 1905; x_wconf 88' lang='lat' dir='ltr'>esurire</span> <span class='ocrx_word' id='word_1_219' title='bbox 833 1875 917 1905; x_wconf 89' lang='lat' dir='ltr'>nos</span> <span class='ocrx_word' id='word_1_220' title='bbox 966 1861 1106 1918; x_wconf 84' lang='lat' dir='ltr'>cogit.</span> <span class='ocrx_word' id='word_1_221' title='bbox 1156 1861 1296 1905; x_wconf 88' lang='lat' dir='ltr'>simul</span> <span class='ocrx_word' id='word_1_222' title='bbox 1343 1862 1454 1905; x_wconf 90' lang='lat' dir='ltr'>dum</span> <span class='ocrx_word' id='word_1_223' title='bbox 1500 1865 1695 1919; x_wconf 86' lang='lat' dir='ltr'>accepta</span> <span class='ocrx_word' id='word_1_224' title='bbox 1743 1877 1850 1906; x_wconf 88' lang='lat' dir='ltr'>esca</span> 
     </span>
    </p>
   </div>
   <div class='ocr_carea' id='block_1_7' title="bbox 274 1979 1847 2035">
    <p class='ocr_par' dir='ltr' id='par_1_7' title="bbox 274 1979 1847 2035">
     <span class='ocr_line' id='line_1_28' title="bbox 274 1979 1847 2035; baseline 0.001 -13"><span class='ocrx_word' id='word_1_225' title='bbox 274 1985 296 2022; x_wconf 93' lang='lat'>1</span> <span class='ocrx_word' id='word_1_226' title='bbox 332 1982 555 2034; x_wconf 84' lang='lat' dir='ltr'>quattuor</span> <span class='ocrx_word' id='word_1_227' title='bbox 596 1980 699 2024; x_wconf 89' lang='lat' dir='ltr'>UG.</span> <span class='ocrx_word' id='word_1_228' title='bbox 794 1985 819 2023; x_wconf 83' lang='lat'><strong>2</strong></span> <span class='ocrx_word' id='word_1_229' title='bbox 854 1982 1079 2035; x_wconf 87' lang='lat' dir='ltr'>quattuor</span> <span class='ocrx_word' id='word_1_230' title='bbox 1112 1979 1264 2024; x_wconf 88' lang='lat' dir='ltr'>decim</span> <span class='ocrx_word' id='word_1_231' title='bbox 1297 1980 1401 2024; x_wconf 91' lang='lat' dir='ltr'>UG.</span> <span class='ocrx_word' id='word_1_232' title='bbox 1516 1980 1606 2024; x_wconf 87' lang='lat' dir='ltr'>hoo</span> <span class='ocrx_word' id='word_1_233' title='bbox 1638 1980 1765 2035; x_wconf 88' lang='lat' dir='ltr'>quod</span> <span class='ocrx_word' id='word_1_234' title='bbox 1783 1981 1847 2025; x_wconf 90' lang='lat' dir='ltr'>P:</span> 
     </span>
    </p>
   </div>
   <div class='ocr_carea' id='block_1_8' title="bbox 1904 299 1988 498">
    <p class='ocr_par' dir='ltr' id='par_1_8' title="bbox 1904 299 1988 498">
     <span class='ocr_line' id='line_1_29' title="bbox 1904 299 1988 498; baseline 0 -151"><span class='ocrx_word' id='word_1_235' title='bbox 1904 299 1988 498; x_wconf 95' lang='lat' dir='ltr'>  </span> 
     </span>
    </p>
   </div>
   <div class='ocr_carea' id='block_1_9' title="bbox 1908 515 1988 559">
    <p class='ocr_par' dir='ltr' id='par_1_9' title="bbox 1908 515 1988 559">
     <span class='ocr_line' id='line_1_30' title="bbox 1908 515 1988 559; baseline 0 -10"><span class='ocrx_word' id='word_1_236' title='bbox 1908 515 1942 559; x_wconf 65' lang='grc' dir='ltr'>Β</span> <span class='ocrx_word' id='word_1_237' title='bbox 1971 515 1988 549; x_wconf 78' lang='grc' dir='ltr'><em>ἑ</em></span> 
     </span>
    </p>
   </div>
   <div class='ocr_carea' id='block_1_10' title="bbox 153 2038 1934 2096">
    <p class='ocr_par' dir='ltr' id='par_1_10' title="bbox 153 2038 1934 2096">
     <span class='ocr_line' id='line_1_31' title="bbox 153 2038 1934 2096; baseline 0.001 -15"><span class='ocrx_word' id='word_1_238' title='bbox 153 2041 269 2093; x_wconf 88' lang='lat' dir='ltr'>quot</span> <span class='ocrx_word' id='word_1_239' title='bbox 301 2041 415 2093; x_wconf 88' lang='lat' dir='ltr'>quot</span> <span class='ocrx_word' id='word_1_240' title='bbox 455 2039 560 2083; x_wconf 93' lang='lat' dir='ltr'>UG.</span> <span class='ocrx_word' id='word_1_241' title='bbox 683 2039 918 2094; x_wconf 85' lang='lat' dir='ltr'>loquimus</span> <span class='ocrx_word' id='word_1_242' title='bbox 941 2039 995 2084; x_wconf 90' lang='lat' dir='ltr'>G.</span> <span class='ocrx_word' id='word_1_243' title='bbox 1087 2039 1270 2084; x_wconf 88' lang='lat' dir='ltr'>fistolas</span> <span class='ocrx_word' id='word_1_244' title='bbox 1311 2039 1417 2084; x_wconf 90' lang='lat' dir='ltr'>UG.</span> <span class='ocrx_word' id='word_1_245' title='bbox 1541 2044 1566 2082; x_wconf 89' lang='lat'><strong>3</strong></span> <span class='ocrx_word' id='word_1_246' title='bbox 1599 2038 1650 2082; x_wconf 87' lang='lat' dir='ltr'>id</span> <span class='ocrx_word' id='word_1_247' title='bbox 1683 2049 1740 2087; x_wconf 60' lang='lat'>-÷«</span> <span class='ocrx_word' id='word_1_248' title='bbox 1763 2053 1849 2096; x_wconf 88' lang='lat' dir='ltr'>per</span> <span class='ocrx_word' id='word_1_249' title='bbox 1930 2061 1934 2065; x_wconf 90' lang='lat'><em>·</em></span> 
     </span>
    </p>
   </div>
   <div class='ocr_carea' id='block_1_11' title="bbox 149 2097 1850 2685">
    <p class='ocr_par' dir='ltr' id='par_1_11' title="bbox 153 2097 1727 2154">
     <span class='ocr_line' id='line_1_32' title="bbox 153 2097 1727 2154; baseline 0.001 -14"><span class='ocrx_word' id='word_1_250' title='bbox 153 2100 239 2142; x_wconf 90' lang='lat' dir='ltr'>art.</span> <span class='ocrx_word' id='word_1_251' title='bbox 273 2097 480 2153; x_wconf 90' lang='lat' dir='ltr'>repletus</span> <span class='ocrx_word' id='word_1_252' title='bbox 514 2098 575 2141; x_wconf 88' lang='lat' dir='ltr'>P:</span> <span class='ocrx_word' id='word_1_253' title='bbox 609 2112 693 2141; x_wconf 84' lang='lat' dir='ltr'>om.</span> <span class='ocrx_word' id='word_1_254' title='bbox 735 2098 841 2143; x_wconf 91' lang='lat' dir='ltr'>UG.</span> <span class='ocrx_word' id='word_1_255' title='bbox 966 2113 1056 2154; x_wconf 89' lang='lat' dir='ltr'>que</span> <span class='ocrx_word' id='word_1_256' title='bbox 1087 2113 1171 2144; x_wconf 83' lang='lat' dir='ltr'>om.</span> <span class='ocrx_word' id='word_1_257' title='bbox 1214 2098 1319 2143; x_wconf 90' lang='lat' dir='ltr'>UG.</span> <span class='ocrx_word' id='word_1_258' title='bbox 1471 2097 1642 2154; x_wconf 80' lang='lat' dir='ltr'>recipit</span> <span class='ocrx_word' id='word_1_259' title='bbox 1674 2098 1727 2143; x_wconf 91' lang='lat' dir='ltr'>P.</span> 
     </span>
    </p>

    <p class='ocr_par' dir='ltr' id='par_1_12' title="bbox 150 2156 1850 2514">
     <span class='ocr_line' id='line_1_33' title="bbox 150 2156 1848 2213; baseline 0.001 -14"><span class='ocrx_word' id='word_1_260' title='bbox 150 2162 179 2200; x_wconf 89' lang='lat'>4</span> <span class='ocrx_word' id='word_1_261' title='bbox 212 2157 338 2212; x_wconf 88' lang='lat' dir='ltr'>apud</span> <span class='ocrx_word' id='word_1_262' title='bbox 378 2157 428 2200; x_wconf 92' lang='lat' dir='ltr'>U.</span> <span class='ocrx_word' id='word_1_263' title='bbox 552 2156 744 2213; x_wconf 88' lang='lat' dir='ltr'>spiritus</span> <span class='ocrx_word' id='word_1_264' title='bbox 785 2157 889 2202; x_wconf 88' lang='lat' dir='ltr'>UG.</span> <span class='ocrx_word' id='word_1_265' title='bbox 1011 2160 1165 2202; x_wconf 86' lang='lat' dir='ltr'>traere</span> <span class='ocrx_word' id='word_1_266' title='bbox 1207 2158 1257 2203; x_wconf 84' lang='lat' dir='ltr'>U.</span> <span class='ocrx_word' id='word_1_267' title='bbox 1382 2163 1407 2203; x_wconf 83' lang='lat'>5</span> <span class='ocrx_word' id='word_1_268' title='bbox 1439 2157 1562 2201; x_wconf 87' lang='lat' dir='ltr'>ictus</span> <span class='ocrx_word' id='word_1_269' title='bbox 1595 2158 1649 2202; x_wconf 90' lang='lat' dir='ltr'>P.</span> <span class='ocrx_word' id='word_1_270' title='bbox 1743 2172 1848 2201; x_wconf 89' lang='lat' dir='ltr'>san-</span> 
     </span>
     <span class='ocr_line' id='line_1_34' title="bbox 151 2215 1846 2273; baseline 0.002 -15"><span class='ocrx_word' id='word_1_271' title='bbox 151 2215 292 2271; x_wconf 88' lang='lat' dir='ltr'>guine</span> <span class='ocrx_word' id='word_1_272' title='bbox 334 2215 439 2260; x_wconf 89' lang='lat' dir='ltr'>UG.</span> <span class='ocrx_word' id='word_1_273' title='bbox 535 2223 559 2259; x_wconf 85' lang='grc'><strong>6</strong></span> <span class='ocrx_word' id='word_1_274' title='bbox 594 2230 801 2271; x_wconf 90' lang='lat' dir='ltr'>sonuque</span> <span class='ocrx_word' id='word_1_275' title='bbox 843 2217 940 2261; x_wconf 90' lang='lat' dir='ltr'>UG.</span> <span class='ocrx_word' id='word_1_276' title='bbox 1037 2217 1224 2273; x_wconf 86' lang='lat' dir='ltr'>inpulso</span> <span class='ocrx_word' id='word_1_277' title='bbox 1250 2217 1360 2261; x_wconf 93' lang='lat' dir='ltr'>PU.</span> <span class='ocrx_word' id='word_1_278' title='bbox 1485 2218 1764 2261; x_wconf 80' lang='lat' dir='ltr'>excantatur</span> <span class='ocrx_word' id='word_1_279' title='bbox 1784 2217 1846 2261; x_wconf 89' lang='lat' dir='ltr'>P:</span> 
     </span>
     <span class='ocr_line' id='line_1_35' title="bbox 152 2275 1850 2333; baseline 0.001 -16"><span class='ocrx_word' id='word_1_280' title='bbox 152 2276 376 2318; x_wconf 84' lang='lat' dir='ltr'>exacutur</span> <span class='ocrx_word' id='word_1_281' title='bbox 416 2275 467 2330; x_wconf 90' lang='lat' dir='ltr'>U,</span> <span class='ocrx_word' id='word_1_282' title='bbox 502 2277 758 2318; x_wconf 85' lang='lat' dir='ltr'>exacuatur</span> <span class='ocrx_word' id='word_1_283' title='bbox 794 2275 848 2319; x_wconf 92' lang='lat' dir='ltr'>G.</span> <span class='ocrx_word' id='word_1_284' title='bbox 985 2281 1009 2319; x_wconf 85' lang='lat'><strong>7</strong></span> <span class='ocrx_word' id='word_1_285' title='bbox 1041 2276 1334 2333; x_wconf 88' lang='lat' dir='ltr'>epiclosiden</span> <span class='ocrx_word' id='word_1_286' title='bbox 1373 2276 1479 2320; x_wconf 92' lang='lat' dir='ltr'>UG.</span> <span class='ocrx_word' id='word_1_287' title='bbox 1625 2290 1767 2332; x_wconf 91' lang='lat' dir='ltr'>quam</span> <span class='ocrx_word' id='word_1_288' title='bbox 1797 2275 1850 2318; x_wconf 91' lang='lat' dir='ltr'>in</span> 
     </span>
     <span class='ocr_line' id='line_1_36' title="bbox 151 2333 1847 2403; baseline 0.001 -26"><span class='ocrx_word' id='word_1_289' title='bbox 151 2348 194 2388; x_wconf 87' lang='lat' dir='ltr'>q.</span> <span class='ocrx_word' id='word_1_290' title='bbox 225 2334 266 2377; x_wconf 93' lang='lat' dir='ltr'>G</span> <span class='ocrx_word' id='word_1_291' title='bbox 284 2334 334 2378; x_wconf 93' lang='lat' dir='ltr'>U.</span> <span class='ocrx_word' id='word_1_292' title='bbox 427 2333 656 2391; x_wconf 86' lang='lat' dir='ltr'>intelligit</span> <span class='ocrx_word' id='word_1_293' title='bbox 684 2334 738 2378; x_wconf 93' lang='lat' dir='ltr'>G.</span> <span class='ocrx_word' id='word_1_294' title='bbox 833 2340 858 2378; x_wconf 82' lang='lat'><em>8</em></span> <span class='ocrx_word' id='word_1_295' title='bbox 892 2334 1148 2403; x_wconf 88' lang='lat' dir='ltr'>epicloside</span> <span class='ocrx_word' id='word_1_296' title='bbox 1174 2336 1280 2380; x_wconf 91' lang='lat' dir='ltr'>UG.</span> <span class='ocrx_word' id='word_1_297' title='bbox 1382 2349 1474 2390; x_wconf 89' lang='lat' dir='ltr'>quo</span> <span class='ocrx_word' id='word_1_298' title='bbox 1492 2335 1554 2380; x_wconf 87' lang='lat' dir='ltr'>P:</span> <span class='ocrx_word' id='word_1_299' title='bbox 1588 2335 1714 2391; x_wconf 88' lang='lat' dir='ltr'>quod</span> <span class='ocrx_word' id='word_1_300' title='bbox 1747 2335 1847 2380; x_wconf 86' lang='lat' dir='ltr'>UG.</span> 
     </span>
     <span class='ocr_line' id='line_1_37' title="bbox 152 2393 1845 2451; baseline 0.002 -17"><span class='ocrx_word' id='word_1_301' title='bbox 152 2396 177 2434; x_wconf 83' lang='lat'>9</span> <span class='ocrx_word' id='word_1_302' title='bbox 209 2406 427 2447; x_wconf 87' lang='lat' dir='ltr'>pressura</span> <span class='ocrx_word' id='word_1_303' title='bbox 457 2393 733 2449; x_wconf 88' lang='lat' dir='ltr'>pulmonum</span> <span class='ocrx_word' id='word_1_304' title='bbox 765 2394 882 2439; x_wconf 90' lang='lat' dir='ltr'>PU:</span> <span class='ocrx_word' id='word_1_305' title='bbox 926 2399 1005 2451; x_wconf 66' lang='lat' dir='ltr'>&#39;s—‘ps</span> <span class='ocrx_word' id='word_1_306' title='bbox 1038 2394 1267 2451; x_wconf 83' lang='lat' dir='ltr'>(spiritus)</span> <span class='ocrx_word' id='word_1_307' title='bbox 1301 2408 1442 2450; x_wconf 84' lang='lat' dir='ltr'>supra</span> <span class='ocrx_word' id='word_1_308' title='bbox 1479 2394 1755 2450; x_wconf 90' lang='lat' dir='ltr'>pulmonum</span> <span class='ocrx_word' id='word_1_309' title='bbox 1790 2394 1845 2438; x_wconf 91' lang='lat' dir='ltr'>G.</span> 
     </span>
     <span class='ocr_line' id='line_1_38' title="bbox 153 2451 1726 2514; baseline 0.003 -21"><span class='ocrx_word' id='word_1_310' title='bbox 153 2455 208 2493; x_wconf 90' lang='grc'>10</span> <span class='ocrx_word' id='word_1_311' title='bbox 241 2451 279 2493; x_wconf 61' lang='grc'>85</span> <span class='ocrx_word' id='word_1_312' title='bbox 310 2451 525 2494; x_wconf 87' lang='lat' dir='ltr'>tintimus</span> <span class='ocrx_word' id='word_1_313' title='bbox 559 2453 612 2497; x_wconf 91' lang='lat' dir='ltr'>P.</span> <span class='ocrx_word' id='word_1_314' title='bbox 752 2458 806 2494; x_wconf 96' lang='grc'>11</span> <span class='ocrx_word' id='word_1_315' title='bbox 839 2453 1037 2497; x_wconf 88' lang='lat' dir='ltr'>materie</span> <span class='ocrx_word' id='word_1_316' title='bbox 1079 2455 1129 2509; x_wconf 91' lang='lat' dir='ltr'>U,</span> <span class='ocrx_word' id='word_1_317' title='bbox 1164 2453 1291 2514; x_wconf 65' lang='lat' dir='ltr'>—rie</span> <span class='ocrx_word' id='word_1_318' title='bbox 1328 2453 1381 2497; x_wconf 90' lang='lat' dir='ltr'>G.</span> <span class='ocrx_word' id='word_1_319' title='bbox 1504 2453 1636 2497; x_wconf 87' lang='lat' dir='ltr'>velut</span> <span class='ocrx_word' id='word_1_320' title='bbox 1671 2453 1726 2497; x_wconf 84' lang='lat' dir='ltr'>G.</span> 
     </span>
    </p>

    <p class='ocr_par' dir='ltr' id='par_1_13' title="bbox 149 2509 1848 2685">
     <span class='ocr_line' id='line_1_39' title="bbox 152 2509 1847 2568; baseline 0.002 -17"><span class='ocrx_word' id='word_1_321' title='bbox 152 2513 205 2551; x_wconf 82' lang='lat'>12</span> <span class='ocrx_word' id='word_1_322' title='bbox 237 2509 400 2564; x_wconf 89' lang='lat' dir='ltr'>parciu</span> <span class='ocrx_word' id='word_1_323' title='bbox 434 2510 590 2554; x_wconf 86' lang='lat' dir='ltr'>officiu</span> <span class='ocrx_word' id='word_1_324' title='bbox 623 2511 676 2556; x_wconf 91' lang='lat' dir='ltr'>P.</span> <span class='ocrx_word' id='word_1_325' title='bbox 802 2511 1044 2568; x_wconf 88' lang='lat' dir='ltr'>decipiunt</span> <span class='ocrx_word' id='word_1_326' title='bbox 1083 2514 1127 2557; x_wconf 93' lang='lat' dir='ltr'>U</span> <span class='ocrx_word' id='word_1_327' title='bbox 1134 2513 1189 2557; x_wconf 88' lang='lat' dir='ltr'>G</span> <span class='ocrx_word' id='word_1_328' title='bbox 1313 2511 1454 2556; x_wconf 88' lang='lat' dir='ltr'>sichis</span> <span class='ocrx_word' id='word_1_329' title='bbox 1487 2512 1540 2557; x_wconf 91' lang='lat' dir='ltr'>P.</span> <span class='ocrx_word' id='word_1_330' title='bbox 1636 2511 1847 2556; x_wconf 60' lang='grc'>1481110-</span> 
     </span>
     <span class='ocr_line' id='line_1_40' title="bbox 149 2567 1848 2627; baseline 0.004 -18"><span class='ocrx_word' id='word_1_331' title='bbox 149 2567 368 2611; x_wconf 82' lang='lat' dir='ltr'>maehum</span> <span class='ocrx_word' id='word_1_332' title='bbox 385 2569 446 2614; x_wconf 95' lang='lat' dir='ltr'>P.</span> <span class='ocrx_word' id='word_1_333' title='bbox 479 2571 560 2614; x_wconf 80' lang='lat' dir='ltr'>hoc</span> <span class='ocrx_word' id='word_1_334' title='bbox 582 2584 738 2614; x_wconf 77' lang='lat' dir='ltr'>verum</span> <span class='ocrx_word' id='word_1_335' title='bbox 761 2576 824 2615; x_wconf 78' lang='lat' dir='ltr'>est</span> <span class='ocrx_word' id='word_1_336' title='bbox 851 2585 949 2627; x_wconf 76' lang='lat' dir='ltr'>cap.</span> <span class='ocrx_word' id='word_1_337' title='bbox 978 2572 1141 2615; x_wconf 87' lang='lat' dir='ltr'><strong><em>XVII</em></strong></span> <span class='ocrx_word' id='word_1_338' title='bbox 1156 2573 1356 2616; x_wconf 75' lang='lat' dir='ltr'>initium.</span> <span class='ocrx_word' id='word_1_339' title='bbox 1479 2571 1561 2627; x_wconf 91' lang='lat' dir='ltr'>qui</span> <span class='ocrx_word' id='word_1_340' title='bbox 1587 2570 1848 2615; x_wconf 87' lang='lat' dir='ltr'>dominium</span> 
     </span>
     <span class='ocr_line' id='line_1_41' title="bbox 154 2626 1846 2685; baseline 0.004 -17"><span class='ocrx_word' id='word_1_341' title='bbox 154 2631 231 2669; x_wconf 82' lang='lat' dir='ltr'>etc.</span> <span class='ocrx_word' id='word_1_342' title='bbox 265 2626 311 2669; x_wconf 91' lang='lat' dir='ltr'>P</span> <span class='ocrx_word' id='word_1_343' title='bbox 341 2629 416 2682; x_wconf 78' lang='lat' dir='ltr'>(cf.</span> <span class='ocrx_word' id='word_1_344' title='bbox 457 2628 621 2672; x_wconf 81' lang='lat' dir='ltr'>Theod.</span> <span class='ocrx_word' id='word_1_345' title='bbox 656 2629 803 2673; x_wconf 76' lang='lat' dir='ltr'>Prisc.</span> <span class='ocrx_word' id='word_1_346' title='bbox 829 2632 874 2685; x_wconf 76' lang='lat'>2,</span> <span class='ocrx_word' id='word_1_347' title='bbox 899 2634 1005 2685; x_wconf 75' lang='lat'>84):</span> <span class='ocrx_word' id='word_1_348' title='bbox 1040 2629 1120 2685; x_wconf 90' lang='lat' dir='ltr'>qui</span> <span class='ocrx_word' id='word_1_349' title='bbox 1155 2630 1371 2674; x_wconf 91' lang='lat' dir='ltr'>dominus</span> <span class='ocrx_word' id='word_1_350' title='bbox 1404 2632 1476 2674; x_wconf 89' lang='lat' dir='ltr'>est</span> <span class='ocrx_word' id='word_1_351' title='bbox 1506 2632 1540 2674; x_wconf 92' lang='lat' dir='ltr'>t.</span> <span class='ocrx_word' id='word_1_352' title='bbox 1574 2644 1611 2674; x_wconf 88' lang='lat' dir='ltr'>o.</span> <span class='ocrx_word' id='word_1_353' title='bbox 1654 2629 1747 2674; x_wconf 88' lang='lat' dir='ltr'>UG</span> <span class='ocrx_word' id='word_1_354' title='bbox 1780 2629 1846 2684; x_wconf 90' lang='lat' dir='ltr'>(G</span> 
     </span>
    </p>
   </div>
   <div class='ocr_carea' id='block_1_12' title="bbox 150 2713 1845 2941">
    <p class='ocr_par' dir='ltr' id='par_1_14' title="bbox 150 2713 1845 2941">
     <span class='ocr_line' id='line_1_42' title="bbox 150 2713 1845 2775; baseline 0.004 -21"><span class='ocrx_word' id='word_1_355' title='bbox 150 2713 203 2754; x_wconf 74' lang='lat' dir='ltr'>‘m</span> <span class='ocrx_word' id='word_1_356' title='bbox 233 2727 373 2770; x_wconf 65' lang='lat' dir='ltr'>marg).</span> <span class='ocrx_word' id='word_1_357' title='bbox 407 2715 537 2759; x_wconf 80' lang='lat' dir='ltr'>habet</span> <span class='ocrx_word' id='word_1_358' title='bbox 569 2715 817 2760; x_wconf 78' lang='lat' dir='ltr'><strong>GALENU</strong></span> <span class='ocrx_word' id='word_1_359' title='bbox 848 2720 909 2774; x_wconf 90' lang='lat'>†).</span> <span class='ocrx_word' id='word_1_360' title='bbox 1125 2722 1178 2761; x_wconf 88' lang='lat'>15</span> <span class='ocrx_word' id='word_1_361' title='bbox 1211 2718 1423 2775; x_wconf 86' lang='lat' dir='ltr'>possedit</span> <span class='ocrx_word' id='word_1_362' title='bbox 1455 2719 1519 2763; x_wconf 91' lang='lat' dir='ltr'>P:</span> <span class='ocrx_word' id='word_1_363' title='bbox 1553 2720 1601 2762; x_wconf 88' lang='lat' dir='ltr'>et</span> <span class='ocrx_word' id='word_1_364' title='bbox 1631 2717 1845 2774; x_wconf 85' lang='lat' dir='ltr'>possidet</span> 
     </span>
     <span class='ocr_line' id='line_1_43' title="bbox 160 2769 1843 2880; baseline 0.004 -68"><span class='ocrx_word' id='word_1_365' title='bbox 160 2769 266 2814; x_wconf 91' lang='lat' dir='ltr'>UG.</span> <span class='ocrx_word' id='word_1_366' title='bbox 323 2772 543 2875; x_wconf 57' lang='grc' dir='ltr'>Ιᾰθῗθᾶἰὺ</span> <span class='ocrx_word' id='word_1_367' title='bbox 574 2774 635 2818; x_wconf 86' lang='lat' dir='ltr'>P:</span> <span class='ocrx_word' id='word_1_368' title='bbox 626 2776 718 2875; x_wconf 67' lang='grc'>-26215</span> <span class='ocrx_word' id='word_1_369' title='bbox 750 2775 840 2831; x_wconf 90' lang='lat' dir='ltr'>deg</span> <span class='ocrx_word' id='word_1_370' title='bbox 809 2776 933 2877; x_wconf 54' lang='lat' dir='ltr'>gefiit</span> <span class='ocrx_word' id='word_1_371' title='bbox 973 2777 1090 2880; x_wconf 42' lang='lat' dir='ltr'>{GC}</span> <span class='ocrx_word' id='word_1_372' title='bbox 1173 2777 1347 2878; x_wconf 51' lang='lat' dir='ltr'>sitiqlue</span> <span class='ocrx_word' id='word_1_373' title='bbox 1373 2778 1426 2822; x_wconf 89' lang='grc' dir='ltr'>Ρ.</span> <span class='ocrx_word' id='word_1_374' title='bbox 1460 2781 1577 2879; x_wconf 37' lang='grc' dir='ltr'>Ρι19</span> <span class='ocrx_word' id='word_1_375' title='bbox 1610 2777 1764 2878; x_wconf 54' lang='lat' dir='ltr'>adlque</span> <span class='ocrx_word' id='word_1_376' title='bbox 1788 2776 1843 2879; x_wconf 56' lang='lat' dir='ltr'>Ill}</span> 
     </span>
     <span class='ocr_line' id='line_1_44' title="bbox 153 2841 1845 2941; baseline 0.008 -14"><span class='ocrx_word' id='word_1_377' title='bbox 153 2841 436 2941; x_wconf 52' lang='lat' dir='ltr'>{ldiiffiinlsG</span> <span class='ocrx_word' id='word_1_378' title='bbox 561 2895 616 2932; x_wconf 83' lang='lat'>23</span> <span class='ocrx_word' id='word_1_379' title='bbox 648 2848 869 2934; x_wconf 61' lang='lat' dir='ltr'>fuerniltaIP</span> <span class='ocrx_word' id='word_1_380' title='bbox 882 2849 942 2937; x_wconf 39' lang='lat' dir='ltr'>Ue</span> <span class='ocrx_word' id='word_1_381' title='bbox 972 2893 1106 2937; x_wconf 87' lang='lat' dir='ltr'>fieret</span> <span class='ocrx_word' id='word_1_382' title='bbox 1141 2850 1279 2938; x_wconf 44' lang='lat' dir='ltr'>Gpau</span> <span class='ocrx_word' id='word_1_383' title='bbox 1301 2849 1768 2939; x_wconf 48' lang='lat' dir='ltr'>021timventrgaggzm</span> <span class='ocrx_word' id='word_1_384' title='bbox 1833 2870 1845 2891; x_wconf 75' lang='lat'>⁷</span> 
     </span>
    </p>
   </div>
   <div class='ocr_carea' id='block_1_13' title="bbox 158 2944 1910 3000">
    <p class='ocr_par' dir='ltr' id='par_1_15' title="bbox 158 2944 1910 3000">
     <span class='ocr_line' id='line_1_45' title="bbox 158 2944 1910 3000; baseline 0.005 -12"><span class='ocrx_word' id='word_1_385' title='bbox 158 2949 214 2988; x_wconf 74' lang='lat'>26</span> <span class='ocrx_word' id='word_1_386' title='bbox 249 2944 528 3000; x_wconf 87' lang='lat' dir='ltr'>degresserit</span> <span class='ocrx_word' id='word_1_387' title='bbox 546 2947 598 2990; x_wconf 93' lang='lat' dir='ltr'>P.</span> <span class='ocrx_word' id='word_1_388' title='bbox 689 2950 869 2994; x_wconf 85' lang='lat' dir='ltr'>exurire</span> <span class='ocrx_word' id='word_1_389' title='bbox 888 2951 941 2995; x_wconf 90' lang='lat' dir='ltr'>P.</span> <span class='ocrx_word' id='word_1_390' title='bbox 1034 2965 1119 2995; x_wconf 92' lang='lat' dir='ltr'>nos</span> <span class='ocrx_word' id='word_1_391' title='bbox 1153 2967 1235 2997; x_wconf 83' lang='lat' dir='ltr'>om.</span> <span class='ocrx_word' id='word_1_392' title='bbox 1265 2953 1319 2997; x_wconf 91' lang='lat' dir='ltr'>G.</span> <span class='ocrx_word' id='word_1_393' title='bbox 1414 2967 1521 2997; x_wconf 88' lang='lat' dir='ltr'>esca</span> <span class='ocrx_word' id='word_1_394' title='bbox 1553 2953 1659 2998; x_wconf 87' lang='lat' dir='ltr'>UG:</span> <span class='ocrx_word' id='word_1_395' title='bbox 1685 2966 1764 2996; x_wconf 81' lang='lat' dir='ltr'>sca</span> <span class='ocrx_word' id='word_1_396' title='bbox 1788 2951 1843 2996; x_wconf 92' lang='lat' dir='ltr'>P.</span> <span class='ocrx_word' id='word_1_397' title='bbox 1894 2953 1910 2971; x_wconf 82' lang='lat'><em>⁰</em></span> 
     </span>
    </p>
   </div>
  </div>
 </body>
</html>
