1950 3172
150 112 256 168 156
681 115 1000 160 'rnsonom
1028 115 1332 160 muscum
1838 0 1950 134 Ἡ

146 268 246 303 una
300 253 555 319 diligentia
608 254 852 304 visitanda
899 259 1037 321 sunt,
1084 269 1257 304 eorum
1301 269 1435 304 nunc
1463 246 1634 305 'curas
1680 255 1851 305 deter-

145 327 358 378 minabo,

298 401 502 452 collecta
539 403 692 466 igitur
737 402 960 452 membra
1006 407 1057 452 et
1103 417 1281 452 causae
1327 404 1376 451 vi
1420 404 1682 468 repentina
1727 418 1850 453 con·-

146 477 388 525 tractione
419 477 662 525 minorata
695 476 925 526 omnibus
958 475 1237 526 chalasticis
1269 476 1528 526 adiutoriis
1552 476 1844 527 resolvenda

104 566 124 599 5
150 555 281 616 sunt,
303 549 535 599 mollibus
561 565 798 599 manuum
821 550 1165 600 fricationibus
1183 555 1233 600 et
1255 553 1523 616 unguentis
1548 550 1610 601 ei
1633 551 1851 600 diversis

148 623 377 688 adipibus
402 629 452 673 et
474 624 705 674 medullis
730 640 855 689 quae
879 630 1091 690 possunt
1113 624 1220 674 loca
1244 625 1584 675 contrahentia
1606 625 1849 675 relaxare.

147 703 262 747 utor
292 698 525 748 fomentis
558 698 789 748 similiter
819 715 1058 764 aquarum
1091 698 1468 749 chalasticarum
1504 715 1565 749 ex
1598 701 1845 748 seminum

149 772 440 822 decoctione
495 778 544 825 et
605 772 824 822 althaeae
880 773 1147 823 radicibus,
1224 774 1389 823 indico
1444 775 1635 823 interea
1690 773 1848 822 solam»

149 861 326 911 aquam
365 846 573 896 calidam
612 862 723 896 esse
761 847 1041 914 potandam,
1085 863 1203 897 sane
1243 847 1615 898 concedendum
1654 853 1731 897 est
1762 853 1851 896 aut

84 936 127 967 ιο
152 922 363 985 apiatam
403 926 488 970 aut
525 921 816 985 hydromeli.

297 995 514 1044 resoluta
553 1010 669 1044 vero
709 995 933 1044 membra
972 995 1201 1045 omnibus
1242 997 1465 1061 stypticis
1506 996 1764 1045 adiutoriis
1799 1000 1850 1044 et

150 1068 490 1132 frigidioribus
527 1069 800 1133 colligenda
833 1075 963 1136 sunt,
1003 1071 1150 1119 siccis
1182 1070 1540 1136 fricationibus‚
1578 1071 1850 1134 unguentis

151 1157 347 1207 quoque
386 1142 730 1192 mordentibus
764 1159 823 1193 ex
856 1143 963 1192 oleo
1005 1145 1208 1209 cyprino
1248 1144 1326 1193 vel
1365 1144 1497 1193 calce
1537 1145 1646 1192 viva
1684 1143 1848 1192 eufor-

148 1215 231 1264 bio
274 1222 497 1266 castoreo
538 1218 714 1267 adarce
755 1224 804 1267 et
844 1217 1089 1267 similibus
1131 1220 1311 1267 ceteris
1353 1219 1656 1283 temperatis
1734 1232 1849 1266 nam

84 1304 128 1337 15
153 1296 202 1338 et
239 1290 372 1354 ligna
410 1293 621 1340 iacentia
662 1291 872 1355 subinde
915 1307 998 1341 eos
1036 1292 1217 1341 suadeo
1258 1291 1440 1341 debere
1478 1291 1849 1341 transcendere.

152 1379 268 1413 sane
317 1366 358 1413 si
412 1381 501 1430 pes
558 1380 618 1414 ex
656 1366 748 1414 hac
801 1366 1104 1415 resolutione
1160 1366 1395 1415 dimissus
1449 1381 1596 1415 usum
1649 1367 1849 1430 penitus

151 1438 484 1506 denegaverit,
523 1439 807 1489 lamminam
846 1440 1037 1504 plumbi
1074 1441 1215 1505 prius
1246 1442 1507 1489 unciarum
1544 1441 1699 1489 trium
1731 1440 1848 1488 arti-

151 1512 275 1561 culis
310 1513 533 1562 eiusdem
564 1514 706 1578 pedis
740 1514 1025 1580 admovebO,
1055 1516 1108 1563 in
1133 1516 1280 1563 tertio
1314 1514 1393 1563 die
1425 1516 1597 1563 uncias
1631 1512 1850 1577 singulas

153 1587 505 1651 superaddens,
589 1588 683 1638 hoc
733 1587 908 1637 diebus
954 1588 1038 1636 XL
1087 1588 1313 1654 servabo,
1368 1594 1423 1637 ut
1475 1587 1609 1637 illam
1662 1587 1850 1652 ponde-

84 1676 127 1708 20
152 1662 394 1710 rationem
435 1676 559 1726 quae
593 1677 651 1711 eo
685 1668 908 1726 tempore
946 1664 1159 1711 creverit
1189 1678 1285 1712 usu
1315 1664 1546 1711 noverint
1585 1663 1850 1711 sustinere.

273 1867 293 1905 1
329 1862 570 1906 visitanda
601 1864 680 1908 rb:
713 1862 822 1906 —di
846 1864 905 1908 B.
1080 1868 1106 1906 3
1130 1865 1178 1907 et
1208 1877 1353 1907 causa
1382 1863 1434 1906 in
1463 1862 1710 1921 repentina
1741 1876 1850 1906 con-

149 1920 380 1965 tractione
405 1921 686 1965 :dominante
712 1924 812 1979 (sic)
837 1924 875 1967 b.
1041 1926 1067 1965 5
1098 1936 1290 1966 manum
1322 1924 1478 1979 (-ns1)
1509 1924 1582 1968 rB
1592 1924 1629 1968 b.
1790 1922 1848 1977 cf.

151 1980 258 2025 Eae.
283 1995 319 2024 c.
344 1984 409 2025 22
433 1982 500 2037 (Ρ.
528 1983 647 2037 34ά).
773 1985 798 2023 6
830 1982 1028 2038 possunt
1057 1996 1094 2037 r,
1127 1987 1235 2038 poss
1262 1983 1307 2027 b:
1339 1981 1497 2025 —sint
1526 1983 1586 2026 B.
1713 1986 1738 2026 8
1771 1981 1851 2024 de·

151 2038 363 2083 coctione
394 2041 454 2084 rb
474 2040 594 2085 Geb:
634 2039 831 2083 —nibus
871 2041 931 2085 B.
1142 2040 1402 2097 potandam
1433 2042 1491 2086 rb
1513 2041 1634 2086 Get:
1682 2040 1848 2084 biben-

152 2098 262 2141 dam
293 2099 351 2142 B.
513 2103 569 2141 10
602 2098 814 2156 apiatam
844 2101 926 2144 rb:
960 2098 1173 2155 apiatum
1204 2100 1250 2143 B
1269 2100 1365 2144 Gel.
1527 2098 1779 2156 ydromelli
1810 2115 1853 2154 r,

149 2156 461 2214 ydromellum
484 2158 544 2214 B,
578 2158 775 2202 -melle
801 2160 839 2203 b.
938 2162 993 2201 12
1017 2159 1074 2213 cf.
1104 2159 1214 2203 Gar.
1236 2162 1277 2214 5,
1302 2162 1364 2204 22
1380 2160 1478 2216 (ubi
1501 2173 1557 2204 eoe
1579 2159 1730 2204 Escol.
1747 2159 1847 2215 22).

153 2221 207 2260 13
256 2216 524 2274 colligenda
571 2219 680 2260 sunt
718 2219 843 2274 (post
879 2217 1045 2274 mord.)
1082 2233 1173 2275 rep.
1212 2218 1307 2263 Get.
1491 2222 1545 2262 15
1588 2217 1742 2275 ligna:
1789 2219 1847 2272 cf.

154 2275 273 2321 Cael.
307 2277 397 2321 ehsr.
431 2282 478 2332 2,
513 2280 584 2322 47.
766 2277 940 2320 suadeo
968 2278 1031 2321 ‘rb
1051 2277 1169 2322 Get:
1204 2277 1411 2321 suadebo
1443 2277 1502 2322 B.
1678 2277 1849 2321 debere

152 2340 257 2380 ante
287 2350 313 2380 r
331 2336 442 2393 Gel„
469 2341 576 2393 post
605 2337 777 2380 transm.
810 2337 943 2381 habet
965 2337 1024 2391 B,
1057 2351 1141 2381 om.
1175 2338 1213 2381 b.
1378 2341 1434 2380 16
1467 2335 1686 2380 dimissus
1717 2337 1849 2381 er:

151 2408 233 2438 om.
272 2395 368 2440 Get.
542 2409 679 2438 usum
710 2397 841 2452 (-—us
872 2397 914 2451 r)
947 2394 1135 2452 penitus
1165 2396 1266 2441 rB:
1298 2411 1434 2439 usum
1463 2395 1652 2453 penitus
1685 2396 1847 2439 ambu-

150 2452 284 2497 landi
320 2454 414 2498 Gel.
442 2456 644 2511 (gressus
676 2454 865 2511 penitus
898 2456 953 2511 b).
1078 2459 1133 2498 17
1167 2454 1473 2512 denegaverit
1495 2456 1556 2500 rb
1576 2456 1672 2500 Gel.
1765 2468 1846 2498 ne-

152 2512 336 2571 gaverit
355 2513 451 2558 θεῖ.
555 2513 831 2557 lamminam
847 2514 914 2559 B:
939 2513 1168 2557 laminam
1191 2516 1251 2559 rb
1273 2516 1368 2559 θεῖ.
1388 2516 1467 2571 (ad
1481 2529 1574 2559 rem
1594 2513 1710 2559 Cael.
1730 2515 1758 2558 l.
1777 2515 1846 2570 c.).

149 2571 335 2629 plumbi
373 2573 508 2617 rbB:
548 2572 819 2630 plumbeam
861 2573 957 2618 Gal.
1171 2578 1227 2617 18
1268 2573 1477 2617 eiusdem
1515 2572 1652 2630 pedis
1681 2588 1708 2617 r
1727 2573 1847 2618 Get:

151 2630 251 2674 eius
283 2630 395 2688 pedi
427 2633 473 2675 B
505 2631 656 2689 (—dis
689 2633 747 2689 b).
868 2631 919 2675 in
949 2631 1089 2690 tertio
1123 2632 1201 2676 die
1232 2634 1314 2678 rb:
1345 2631 1396 2676 in
1426 2631 1619 2676 tertium
1651 2631 1775 2675 diem
1798 2632 1848 2675 B

153 2689 295 2744 (intra
324 2691 358 2734 t.
394 2690 436 2733 d.
473 2691 601 2746 Get).
702 2690 864 2735 uncias
898 2690 1109 2749 singulas
1132 2692 1205 2736 rB
1222 2692 1339 2737 Get:
1373 2690 1584 2749 singulas
1616 2690 1779 2734 uncias
1805 2691 1845 2735 b.

153 2752 207 2790 19
242 2749 559 2804 superaddens
590 2751 651 2795 rb
669 2751 787 2796 θεῖα
827 2750 960 2794 —dis
992 2751 1051 2795 B.
1117 2783 1122 2786 -
1265 2751 1462 2805 servabo
1500 2751 1555 2793 ut
1591 2749 1676 2793 illa
1706 2750 1846 2795 er:

152 2819 299 2850 serva.
332 2806 418 2851 illa
435 2809 530 2853 θεῖ.
557 2810 655 2867 (ubi
678 2809 763 2853 illa
786 2809 1154 2867 ponderatione).
1256 2814 1312 2853 20
1337 2823 1391 2854 eo
1414 2810 1487 2854 rB
1504 2809 1622 2854 Gel.:
1645 2809 1780 2852 tanto
1805 2809 1846 2853 b.

153 2864 350 2909 creverit
380 2867 452 2909 rB
464 2868 584 2912 Gel.:
620 2871 753 2915 —rat
783 2872 822 2914 b.
959 2883 1048 2913 usu
1078 2868 1288 2913 noverim
1321 2870 1419 2926 (sic)
1449 2869 1517 2925 B,
1549 2882 1660 2912 usus
1693 2869 1848 2925 (usum

152 2925 264 2982 Get,
297 2928 384 2968 usu
414 2927 456 2981 r)
486 2926 671 2971 noverit
700 2929 759 2974 rb
780 2929 878 2974 Get.
