1988 3184
235 125 347 180 290
785 125 1362 169 PsEUDo-Tnnonom

230 259 359 304 cebis
392 272 525 304 cerae
557 257 767 314 liquidae
799 256 973 300 libram
994 257 1016 300 I
1041 258 1089 301 et
1119 255 1265 301 facies
1297 259 1509 301 cerotum
1529 259 1756 304 tenerum.
1802 259 1919 305 item
1972 258 1980 261 ”

226 325 401 370 radicis
432 324 575 381 iunci,
605 337 790 368 murrae
817 322 1169 380 troglodytidis‚
1196 323 1406 381 storacis,
1437 321 1561 368 lauri
1584 325 1810 371 bacarum
1831 341 1917 371 un-

227 392 324 437 cias
357 391 582 448 singulas‚
616 389 774 435 omnia
804 389 1080 434 tenuissime
1110 388 1227 434 trita
1257 389 1491 448 miscebis,
1523 393 1572 436 et
1601 392 1762 438 uteris.

305 480 387 524 Ad
419 492 607 524 omnes
639 491 941 522 nervorum
973 476 1225 522 duritias
1255 478 1671 535 perfrictiones
1703 495 1832 525 con-

176 556 198 588 5
576 543 899 589 tractiones
932 546 988 588 et
1020 543 1248 589 dolores
1280 545 1523 604 (XXXVI).

339 613 552 669 Acopum
590 611 717 667 quod
756 609 1075 667 suprascripta
1120 611 1240 655 mira
1272 611 1516 657 celeritate
1556 616 1715 671 sanat,
1765 616 1815 659 et
1852 614 1915 659 ad

218 678 484 736 plethoram
531 680 579 723 et
626 678 687 722 ad
734 677 927 724 calores,
983 676 1204 722 foliorum
1245 678 1369 722 lauri
1418 681 1466 724 et
1510 680 1736 724 bacarum
1775 681 1912 740 lauri,

218 745 346 789 faeni
362 744 535 803 graeci,
554 743 771 801 samsuci,
790 743 999 801 cupressi
1021 744 1260 802 bacarum,
1285 748 1481 803 murtae,
1503 746 1617 790 roris
1634 747 1806 791 marini
1828 763 1914 792 un-

219 811 316 856 cias
350 812 582 869 singula8‚
622 811 740 856 haec
780 811 938 856 omnia
968 813 1110 855 tunsa
1140 811 1191 855 in
1221 811 1321 856 vini
1352 812 1526 857 veteris
1563 813 1616 858 3³8
1638 814 1660 857 I
1691 813 1910 859 infundes

150 889 194 920 10
220 878 385 923 diebus
417 879 505 935 ΙΙΙ,
547 880 715 934 quarto
754 877 974 922 miscebis
1015 877 1108 922 olei
1139 877 1206 923 lib
1231 879 1297 922 ΠΙ
1335 877 1386 922 in
1426 878 1571 923 ollam
1608 880 1691 924 ubi
1731 880 1910 937 species

218 945 562 1007 suprascriptae
603 946 733 1001 sunt,
775 946 822 989 et
860 944 957 988 leni
1001 958 1154 1001 pruna
1197 958 1366 1001 coques
1414 959 1562 1001 usque
1609 960 1701 1002 quo
1747 946 1911 991 vinum

217 1014 525 1057 consumetur.
582 1011 784 1068 colabis‚
825 1011 929 1056 foco
968 1011 1194 1068 impones.
1243 1014 1291 1056 et
1329 1012 1476 1056 addes
1517 1026 1650 1057 cerae
1688 1013 1909 1070 ponticae

215 1088 273 1127 ÷
297 1078 382 1135 VI,
427 1078 611 1123 resinae
649 1077 999 1123 terebinthinae
1031 1087 1090 1127 -ζ-
1114 1077 1199 1135 VI,
1241 1080 1289 1122 et
1327 1078 1487 1124 uteris.
1542 1079 1632 1123 hoc
1665 1081 1908 1137 expertum

215 1148 263 1190 et
294 1145 433 1190 valde
471 1145 721 1189 mirificum
761 1147 844 1189 est.
906 1137 1023 1189 item
1066 1143 1158 1188 olei
1197 1143 1370 1189 veteris
1409 1144 1475 1188 lib
1500 1145 1610 1202 IIII,
1650 1146 1907 1191 cucumeris

147 1221 190 1253 15
216 1212 416 1269 agrestis
447 1211 660 1256 radicum
691 1211 758 1255 lib
783 1211 804 1254 I
837 1224 1007 1267 coques
1039 1224 1187 1266 usque
1220 1211 1282 1255 ad
1307 1211 1462 1256 oleum
1493 1214 1541 1256 et
1565 1211 1741 1257 adicies
1774 1227 1907 1258 ccrae

215 1278 281 1323 lib
306 1279 327 1321 Ι
359 1281 407 1323 et
436 1292 521 1335 pro
563 1292 710 1335 acopo
750 1278 910 1323 uteris.
960 1291 1067 1321 caro
1098 1277 1376 1334 palumbina
1415 1278 1521 1323 cibo
1552 1280 1746 1336 prodest
1779 1280 1905 1325 data.

214 1359 338 1401 aqua
369 1345 420 1389 in
452 1359 546 1401 qua
578 1345 736 1390 caules
770 1344 953 1389 decocti
986 1347 1095 1389 sunt
1125 1344 1230 1388 loca
1262 1343 1591 1391 fomententur.
1643 1345 1732 1390 hoc
1764 1347 1813 1390 et
1844 1346 1907 1389 ad

211 1412 386 1469 pedum
418 1412 627 1457 dolorem
658 1412 788 1457 facit.
838 1413 1015 1456 stercus
1049 1410 1292 1468 caprinum
1322 1414 1599 1456 montanum
1630 1426 1736 1456 cum
1760 1426 1905 1456 axun-

211 1478 292 1535 gia
331 1479 498 1523 tritum
536 1478 685 1523 linteo
725 1478 971 1522 inductum
1010 1479 1058 1522 et
1096 1477 1379 1521 calefactum
1417 1480 1566 1523 sanat.
1613 1480 1789 1522 stercus
1830 1492 1906 1521 ca-

144 1554 187 1585 20
210 1546 398 1602 prinum
430 1546 676 1591 decoctum
707 1559 813 1589 cum
845 1547 978 1589 aceto
1011 1546 1059 1589 et
1089 1543 1229 1588 melle
1252 1544 1418 1588 tritum
1448 1544 1691 1602 imponito.
1743 1544 1832 1588 hoc
1857 1546 1906 1588 et

213 1612 436 1657 articulos
487 1613 699 1657 dolentes
748 1614 894 1656 curat.
945 1612 1225 1655 abrotonum
1271 1624 1377 1655 cum
1424 1611 1526 1655 oleo
1576 1612 1818 1656 decoctam
1856 1612 1905 1655 et

210 1679 375 1723 tritam
406 1679 650 1736 imponito.
699 1679 788 1723 hoc
822 1680 868 1722 et
891 1678 1018 1722 mala
1050 1677 1395 1722 medicamenta
1427 1677 1646 1724 excludit.
1695 1679 1904 1735 gagaten

209 1745 418 1802 lapidem
449 1745 683 1790 ustulabis
715 1747 839 1790 teres
872 1747 919 1789 et
950 1744 999 1787 in
1032 1744 1187 1789 oleum
1217 1743 1403 1801 mittes,
1445 1744 1620 1789 adicies
1661 1746 1710 1788 et
1749 1758 1904 1788 ceram

209 1811 278 1856 ita
309 1815 363 1856 ut
394 1813 479 1856 fiat
510 1815 732 1869 cerotum,
767 1814 815 1856 et
837 1811 997 1856 uteris.
1052 1811 1142 1855 hoc
1166 1810 1420 1855 cuiuslibet
1442 1810 1641 1855 membri
1665 1813 1713 1855 et
1738 1824 1903 1855 renum

143 1885 187 1917 25
214 1879 422 1923 dolorem
462 1881 608 1925 curat.
662 1878 1013 1935 quinquefoliae
1052 1877 1227 1922 herbae
1268 1891 1428 1920 sucum
1464 1876 1600 1934 potui
1640 1877 1765 1921 dato.
1813 1876 1902 1920 hoc

210 1946 258 1988 et
289 1944 491 1989 laterum
524 1947 571 1990 et
603 1959 824 1990 coxarum
857 1944 1039 1989 dolores
1073 1945 1223 1988 sanat.

578 2034 654 2078 De
686 2034 1003 2077 lumborum
1037 2032 1232 2076 dolore
1258 2031 1519 2089 (XXXVH).

326 2098 406 2144 Git
438 2103 666 2155 quantum
696 2101 848 2146 tribus
891 2099 1054 2157 digitis
1086 2098 1254 2144 tollere
1284 2098 1462 2155 poteris
1493 2097 1660 2142 tritum
1690 2097 1741 2141 in
1769 2093 1899 2154 passi

210 2163 372 2208 cretici
405 2165 555 2221 cyatis
590 2167 771 2210 duobus
810 2180 916 2209 cum
954 2179 1105 2222 aquae
1144 2165 1327 2210 calidae
1368 2164 1519 2221 cyatis
1553 2164 1733 2208 duobus
1763 2163 1898 2221 potui

139 2238 183 2269 30
212 2229 335 2287 dato,
368 2233 587 2287 potenter
628 2232 757 2276 facit.
805 2232 965 2276 lanam
1004 2232 1216 2276 sucidam
1253 2231 1304 2275 in
1344 2231 1446 2276 oleo
1487 2234 1535 2275 et
1572 2230 1676 2287 pice
1714 2230 1897 2287 liquida

324 2338 349 2376 2
381 2334 478 2379 rad'
516 2337 554 2381 b.
646 2335 786 2380 mirre
818 2309 1042 2380 trocliten
1067 2337 1104 2380 b.
1198 2335 1369 2379 baccas
1395 2337 1433 2380 b.
1527 2339 1553 2378 3
1579 2349 1671 2379 ana
1704 2335 1750 2378 .I.
1777 2345 1835 2383 -;-
1855 2335 1894 2379 b.

202 2390 370 2435 misces
404 2395 448 2438 b.
572 2401 600 2439 4
630 2394 987 2451 perfricationes
1021 2396 1046 2439 b
1072 2395 1193 2451 (item
1223 2396 1276 2438 in
1305 2396 1400 2439 ind.
1434 2409 1533 2451 cap.
1557 2393 1780 2450 XXXVI).

205 2457 229 2496 6
265 2456 325 2495 ἐξ.
361 2453 398 2497 b.
559 2459 582 2498 7
614 2454 798 2510 pletora
831 2456 869 2499 b.
1021 2452 1138 2497 folia
1164 2490 1171 2498 .
1201 2490 1209 2498 .
1239 2490 1247 2498 .
1273 2454 1442 2497 baccas
1476 2455 1513 2498 b.
1667 2457 1692 2495 8
1723 2452 1893 2496 baccas

201 2510 342 2568 Mirte
365 2512 468 2580 Eos
500 2512 671 2558 marini
705 2515 742 2558 b.
889 2527 980 2557 ana
1014 2513 1060 2557 .Ι.
1092 2523 1151 2562 -ζ-
1177 2514 1215 2557 b.
1359 2517 1413 2556 10
1447 2511 1622 2566 Quarto
1653 2510 1820 2555 misces
1853 2512 1891 2555 b.

205 2590 256 2652 Η
293 2587 337 2630 ᾗ
370 2586 411 2629 ft
443 2588 482 2631 b.
610 2592 663 2631 12
699 2587 876 2631 Colatis
910 2589 948 2632 b.
1052 2591 1108 2630 14
1141 2585 1407 2631 Cucumeris
1439 2582 1533 2630 suc'
1568 2584 1767 2642 agrestis
1791 2584 1891 2628 rad*

202 2657 252 2701 lb
277 2659 310 2704 I.
338 2662 375 2704 b.
501 2666 555 2704 15
587 2675 734 2717 usque
767 2661 828 2705 ad
861 2660 971 2705 ol'm
995 2662 1092 2718 (sic)
1125 2662 1163 2705 b.
1312 2665 1366 2704 18
1400 2658 1489 2703 dol'
1524 2674 1695 2716 semper
1725 2660 1762 2704 b.

202 2749 256 2788 21
290 2746 534 2791 Abrotanfi
567 2750 605 2792 b.
712 2748 906 2793 decocta
939 2751 987 2793 et
1013 2748 1130 2793 trita
1162 2750 1259 2806 (sic)
1286 2750 1330 2793 b.
1453 2751 1509 2791 23
1541 2729 1722 2791 ustula?
1751 2748 1816 2791 tis
1849 2748 1887 2791 b.

202 2807 257 2845 25
292 2803 397 2847 dol’.
538 2811 593 2849 26
628 2806 733 2851 dol'.
858 2812 912 2851 27
945 2814 1008 2853 est
1037 2809 1207 2853 indicis
1237 2822 1272 2853 e.
1297 2806 1526 2851 XXXVII.
1560 2807 1616 2861 cf.
1650 2806 1726 2851 Ps.
1760 2806 1886 2850 Plin.

199 2863 258 2916 2,
282 2866 341 2905 14
372 2868 414 2906 et
445 2864 565 2908 Med.
600 2865 726 2909 sz
752 2868 797 2920 2,
821 2870 893 2910 36.
929 2870 1008 2910 54⁶
1034 2867 1178 2924 Basa).
1318 2869 1373 2911 28
1406 2865 1526 2910 Gitti
1558 2867 1596 2910 b.
1645 2866 1701 2920 cf.
1735 2864 1885 2909 Marc.

195 2933 249 2976 p.
275 2923 382 2976 251,
407 2924 478 2965 33.
615 2927 668 2966 29
702 2937 825 2978 aqua
857 2924 941 2968 cal'
978 2927 1017 2971 b.
