1988 3184
116 245 147 286 4

120 378 146 417 5

120 578 146 616 6

107 766 146 813 ‘7

123 973 149 1014 8

124 1109 149 1147 9

97 1307 152 1347 10

98 1440 149 1478 11

175 108 289 162 404
592 104 598 108 ·
733 74 1311 151 PSEUDo-Tflnonom

295 240 369 285 Af
372 240 654 285 ronitrum
693 238 1024 284 diaforcticnm
1055 239 1148 296 est,
1192 240 1241 284 et
1276 238 1542 296 prurigines
1580 237 1788 284 exsiccat
1818 239 1868 284 613
1940 221 1949 227 ..

177 309 799 429 curailssuripigmentum
830 370 1040 415 calidum
1070 373 1142 415 est
1173 374 1222 416 et
1263 370 1468 428 ustulat,
1509 371 1632 417 sicut
1661 385 1736 416 res
1766 371 1873 429 ipsa
1933 374 1938 378 ’

169 438 401 484 declarat.
443 437 668 494 quoniam
707 436 748 481 si
787 436 1088 493 quis·calore
1134 436 1262 482 facto
1312 437 1578 482 diutissime
1626 436 1873 495 dimiserit,
1980 413 1988 468 Ῐ

180 504 483 550 comburitur.
1919 516 1942 551 5

297 569 614 614 Artemisia
645 570 872 615 virtutem
902 570 1050 615 habet
1081 569 1288 614 calidam
1319 572 1368 614 et
1393 570 1567 614 siccam
1588 569 1800 626 nimium,
1825 571 1875 614 et

178 636 362 711 lapides
394 649 559 680 renum
588 638 784 693 purgat,
830 636 871 680 si
910 636 1015 693 quis
1056 650 1279 693 apozema
1319 636 1529 693 ipsarum
1559 635 1795 694 acceperit
1823 635 1876 680 in

177 706 458 825 poblollle-ua
483 769 709 814 virtutem
738 769 886 814 habet
910 768 1137 826 frigidam
1160 771 1207 814 et
1232 771 1479 814 umectam.
1508 768 1710 825 denique
1733 768 1876 814 febri-

180 836 438 910 citantibus
488 835 777 880 adiutorium
824 836 1055 893 optimum
1102 838 1195 893 est,
1244 835 1284 880 si
1331 838 1541 893 tempore
1588 834 1875 914 competenti
1899 852 1942 884 10

178 903 537 1012 blbelidncbetum
567 968 794 1013 virtutem
824 969 972 1013 habet
1002 961 1334 1025 compositam,
1375 971 1423 1013 et
1461 968 1688 1026 frigidum
1726 971 1799 1013 est
1830 970 1879 1013 et

182 1036 402 1092 calidum,
438 1039 485 1081 et
515 1035 668 1093 magis
701 1035 886 1080 obtinet
916 1035 1136 1093 frigidior
1165 1035 1316 1079 virtus
1349 1050 1492 1091 quam
1523 1035 1733 1080 calidior.

300 1103 343 1146 A
351 1102 508 1159 pium
546 1101 771 1146 virtutem
801 1103 947 1147 habet
987 1102 1193 1146 calidam
1222 1102 1273 1145 in
1302 1104 1491 1146 tantum
1521 1104 1575 1146 ut
1614 1103 1663 1146 et
1693 1101 1879 1146 urinam

182 1171 230 1213 et
268 1170 510 1235 menstrua
547 1170 784 1225 provocet.
819 1171 868 1213 et
898 1168 1235 1213 ventositatem
1274 1171 1429 1225 curat,
1472 1168 1594 1212 sicut
1633 1170 1682 1212 613
1721 1181 1880 1212 semen
1904 1183 1946 1217 15

183 1250 542 1346 1pszSfflum
588 1301 813 1346 virtutem
859 1303 1006 1347 habet
1051 1302 1277 1358 calidam,
1333 1301 1439 1358 plus
1488 1315 1630 1357 quam
1676 1315 1878 1348 acorum.
1920 1321 1924 1325 ·

157 1379 161 1383 ·
185 1367 542 1412 constrictiones
575 1368 727 1424 epatis
761 1371 809 1413 et
840 1382 1005 1413 renum
1036 1368 1180 1414 solvit
1209 1370 1260 1412 613
1289 1382 1373 1425 per
1404 1367 1590 1412 urinam
1619 1371 1804 1426 purgat.

304 1434 624 1490 Amygdala
671 1449 862 1479 amara
918 1434 1076 1479 calida
1124 1437 1233 1480 sunt
1283 1449 1475 1491 parum,
1531 1436 1579 1479 et
1632 1437 1882 1492 extergunt

185 1514 369 1544 umores
403 1500 578 1556 spissos
613 1503 662 1545 et
692 1501 896 1546 viscidos
931 1501 1083 1558 epatis
1117 1504 1165 1546 et
1194 1501 1483 1559 pulmonum.
1525 1504 1573 1546 et
1611 1502 1883 1559 specialiter
1906 1518 1949 1550 20

186 1567 339 1624 epatis
380 1566 738 1613 constrictiones
788 1565 978 1613 solvunt
1019 1571 1067 1613 613
1106 1571 1285 1614 curant.
1329 1568 1511 1613 faciunt
1550 1568 1696 1614 etiam
1734 1571 1782 1614 et
1820 1569 1883 1619 ad

190 1634 401 1692 splenem
433 1636 481 1678 et
511 1633 790 1679 intestinum
822 1638 870 1680 et
903 1635 965 1679 ad
996 1648 1144 1680 renes.
1176 1650 1287 1680 nam
1311 1637 1366 1695 et·
1384 1635 1565 1680 arboris
1596 1637 1701 1680 tota
1731 1635 1882 1684 virtus

307 1826 486 1884 [Simon
522 1840 556 1870 s.
598 1826 893 1883 Mologlonos
939 1829 1011 1872 est
1059 1827 1237 1885 species
1279 1827 1517 1872 artemisie
1557 1841 1646 1873 sec.
1690 1827 1882 1872 Diasco-

185 1884 349 1930 ridem.
383 1886 503 1929 Item
535 1885 619 1928 Th.
652 1886 814 1931 Prisci.
847 1886 970 1930 libro
1004 1887 1062 1931 de
1095 1886 1299 1944 simplici
1323 1886 1559 1931 medicina
1588 1887 1883 1944 mologlonos

187 1959 329 2000 quam
362 1944 502 1989 aliter
534 1944 825 1989 artemisiam
854 1948 1027 1990 vocant
1052 1948 1138 1991 etc.
1167 1945 1479 2003 (μονόκλωνος
1502 1947 1657 1991 Diosc.
1684 1949 1727 2001 3,
1750 1947 1883 2005 117)]

306 2003 486 2060 [Simon
523 2017 557 2047 s.
599 2004 827 2061 Fetalogo
867 2019 1003 2062 grece
1050 2006 1308 2050 secundum
1354 2005 1560 2049 Theodo.
1610 2004 1772 2050 Prisci.
1826 2006 1885 2049 de

189 2061 340 2118 simpl.
359 2063 481 2108 med.
506 2065 704 2106 vocatur
728 2064 1019 2121 aristologia.
1054 2067 1102 2109 613
1128 2063 1303 2108 dicitur
1327 2063 1604 2122 aristologia
1621 2064 1886 2108 secundum

187 2121 343 2178 ipsum
376 2122 435 2165 ab
471 2121 651 2165 ariston
675 2123 802 2178 quod
833 2126 905 2167 est
937 2123 1067 2168 utile.
1102 2125 1222 2180 quod
1246 2125 1445 2180 pertinet
1476 2125 1539 2168 ad
1561 2124 1718 2169 Diosc.
1744 2127 1788 2178 3,
1819 2124 1883 2181 4.]

309 2181 489 2238 [Simon
525 2195 559 2225 8.
600 2181 814 2225 Ferraria
867 2182 1020 2226 minor
1065 2185 1262 2226 vocatur
1309 2196 1396 2227 sec.
1448 2182 1603 2226 Diasc.
1636 2184 1693 2239 (Ρ)
1731 2181 1885 2239 agri-

188 2240 391 2284 monia.
427 2240 568 2283 The0.
594 2240 756 2285 Prisci.
788 2240 916 2285 idem
948 2241 1078 2296 dicit.
1112 2243 1166 2286 de
1188 2243 1391 2297 ferraria
1422 2243 1478 2297 cf.
1506 2242 1742 2299 Ps.A1ml.
1768 2256 1804 2287 c.
1824 2244 1886 2286 72

189 2299 344 2344 Diosc.
364 2303 406 2354 4,
425 2302 497 2343 33.
535 2299 657 2344 Orib.
683 2314 718 2345 s.
748 2299 994 2359 Sideritia]

312 2451 335 2488 1
371 2446 672 2491 diafreticum
706 2447 761 2491 G.
883 2447 1156 2505 prorigines-
1181 2447 1364 2492 excicat
1398 2448 1453 2492 G.
1575 2452 1604 2491 4
1639 2446 1793 2492 colore
1829 2447 1885 2492 G.

193 2509 219 2547 5
251 2506 307 2560 cf.
343 2508 572 2562 χρονίσειε
608 2506 711 2551 Gal.
739 2507 860 2562 XII,
884 2511 993 2552 212.
1193 2512 1217 2551 7
1250 2506 1485 2563 apostima
1520 2506 1563 2551 G
1596 2507 1672 2562 (cf.
1705 2506 1885 2558 Diosc.)

194 2577 234 2607 a.
267 2563 555 2619 inpositione
590 2565 644 2611 G.
769 2571 824 2610 10
858 2565 1129 2622 conpetenti
1159 2565 1337 2610 biberit
1372 2566 1426 2611 G.
1550 2570 1606 2609 12
1638 2564 1812 2609 Acetus
1844 2565 1888 2610 G

194 2623 287 2677 (sed
316 2623 386 2666 De
419 2626 604 2667 acetum
633 2626 791 2681 rubr).
973 2624 1268 2682 conpositam
1303 2624 1358 2670 G.
1524 2628 1580 2667 14
1609 2623 1680 2668 De
1711 2623 1885 2681 apium.

194 2679 341 2736 Apius
378 2682 421 2725 G
451 2680 650 2738 (σέλινον
685 2684 788 2729 Gal.
816 2685 937 2739 XII,
968 2688 1095 2736 118).
1268 2682 1489 2727 hurinam
1522 2683 1577 2728 G.
1730 2689 1784 2727 17
1817 2683 1888 2727 De

195 2752 344 2783 asaro.
377 2740 553 2784 Asarus
589 2742 643 2786 G.
787 2757 978 2787 acorum
1005 2743 1134 2796 (Gal.
1162 2743 1254 2799 XI,
1277 2747 1372 2787 840
1402 2743 1460 2798 cf.
1493 2745 1627 2796 8139).-
1658 2740 1794 2798 apius
1829 2742 1884 2787 G.

197 2800 251 2839 18
283 2797 501 2842 hurinam
536 2800 589 2844 G.
744 2806 799 2845 19
832 2801 1079 2846 Amicdala
1115 2802 1170 2847 G.
1341 2806 1398 2845 20
1429 2801 1646 2845 humores
1682 2802 1766 2856 (sic
1794 2802 1889 2856 fere

195 2860 384 2911 semper)
419 2857 473 2906 G.
596 2859 750 2918 epatis
787 2860 842 2905 G.
918 2901 920 2903 .
966 2865 1019 2905 21
1055 2860 1198 2906 solv&
1229 2861 1278 2905 613
1309 2862 1442 2908 curat
1477 2860 1532 2905 G.
1652 2858 1796 2905 Fiunt
1829 2859 1885 2905 G.

196 2917 252 2956 22
286 2913 445 2970 splene
481 2916 534 2959 G.
658 2918 860 2963 arboris:
894 2919 1060 2964 aborto
1093 2921 1198 2976 (sic)
1234 2919 1288 2964 G.
