<?xml version="1.0" encoding="UTF-8"?>
<!DOCTYPE html PUBLIC "-//W3C//DTD XHTML 1.0 Transitional//EN"
    "http://www.w3.org/TR/xhtml1/DTD/xhtml1-transitional.dtd">
<html xmlns="http://www.w3.org/1999/xhtml" xml:lang="en" lang="en">
 <head>
  <title>
</title>
<meta http-equiv="Content-Type" content="text/html;charset=utf-8" />
  <meta name='ocr-system' content='tesseract 3.04.00' />
  <meta name='ocr-capabilities' content='ocr_page ocr_carea ocr_par ocr_line ocrx_word'/>
</head>
<body>
  <div class='ocr_page' id='page_1' title='image "./theoeuporislibr00prisuoft_0285.png"; bbox 0 0 1950 3172; ppageno 0'>
   <div class='ocr_carea' id='block_1_1' title="bbox 823 85 1792 187">
    <p class='ocr_par' dir='ltr' id='par_1_1' title="bbox 823 85 1792 187">
     <span class='ocr_line' id='line_1_1' title="bbox 823 85 1792 187; baseline 0.008 -8"><span class='ocrx_word' id='word_1_1' title='bbox 823 137 1090 183; x_wconf 74' lang='lat' dir='ltr'>PursmA.</span> <span class='ocrx_word' id='word_1_2' title='bbox 1487 85 1495 92; x_wconf 25' lang='lat'>²</span> <span class='ocrx_word' id='word_1_3' title='bbox 1556 140 1566 149; x_wconf 87' lang='lat'><strong>·</strong></span> <span class='ocrx_word' id='word_1_4' title='bbox 1682 133 1792 187; x_wconf 79' lang='lat'>253</span> 
     </span>
    </p>
   </div>
   <div class='ocr_carea' id='block_1_2' title="bbox 692 300 1212 370">
    <p class='ocr_par' dir='ltr' id='par_1_2' title="bbox 692 300 1212 370">
     <span class='ocr_line' id='line_1_2' title="bbox 692 300 1212 370; baseline -0.002 -16"><span class='ocrx_word' id='word_1_5' title='bbox 692 300 785 370; x_wconf 87' lang='lat'>&lt;11.</span> <span class='ocrx_word' id='word_1_6' title='bbox 823 302 1212 370; x_wconf 76' lang='lat' dir='ltr'>Epilempticis&gt;</span> 
     </span>
    </p>
   </div>
   <div class='ocr_carea' id='block_1_3' title="bbox 111 401 1843 534">
    <p class='ocr_par' dir='ltr' id='par_1_3' title="bbox 111 401 1843 534">
     <span class='ocr_line' id='line_1_3' title="bbox 154 401 1843 479; baseline -0.002 -20"><span class='ocrx_word' id='word_1_7' title='bbox 154 475 158 479; x_wconf 17' lang='grc' dir='ltr'>ι</span> <span class='ocrx_word' id='word_1_8' title='bbox 258 408 609 459; x_wconf 87' lang='lat' dir='ltr'>Remediorum</span> <span class='ocrx_word' id='word_1_9' title='bbox 646 414 780 466; x_wconf 84' lang='lat' dir='ltr'>recte</span> <span class='ocrx_word' id='word_1_10' title='bbox 820 407 1152 457; x_wconf 86' lang='lat' dir='ltr'><strong>adhibitorum</strong></span> <span class='ocrx_word' id='word_1_11' title='bbox 1184 407 1401 457; x_wconf 85' lang='lat' dir='ltr'>efficacia</span> <span class='ocrx_word' id='word_1_12' title='bbox 1440 419 1636 470; x_wconf 81' lang='lat' dir='ltr'>semper</span> <span class='ocrx_word' id='word_1_13' title='bbox 1675 418 1789 454; x_wconf 91' lang='grc'>633-</span> <span class='ocrx_word' id='word_1_14' title='bbox 1807 401 1843 455; x_wconf 88' lang='lat'>5</span> 
     </span>
     <span class='ocr_line' id='line_1_4' title="bbox 111 481 1031 534; baseline -0.004 0"><span class='ocrx_word' id='word_1_15' title='bbox 111 499 280 534; x_wconf 88' lang='lat' dir='ltr'>sarum</span> <span class='ocrx_word' id='word_1_16' title='bbox 317 481 474 532; x_wconf 89' lang='lat' dir='ltr'>bonos</span> <span class='ocrx_word' id='word_1_17' title='bbox 513 483 674 531; x_wconf 84' lang='lat' dir='ltr'>exitus</span> <span class='ocrx_word' id='word_1_18' title='bbox 714 482 1031 531; x_wconf 87' lang='lat' dir='ltr'>confirmavit.</span> 
     </span>
    </p>
   </div>
   <div class='ocr_carea' id='block_1_4' title="bbox 113 552 1874 1574">
    <p class='ocr_par' dir='ltr' id='par_1_4' title="bbox 113 552 1874 1356">
     <span class='ocr_line' id='line_1_5' title="bbox 263 552 1794 621; baseline -0.003 -16"><span class='ocrx_word' id='word_1_19' title='bbox 263 555 472 606; x_wconf 90' lang='lat' dir='ltr'>latentes</span> <span class='ocrx_word' id='word_1_20' title='bbox 518 554 856 621; x_wconf 86' lang='lat' dir='ltr'>epilempticos</span> <span class='ocrx_word' id='word_1_21' title='bbox 904 556 1089 619; x_wconf 80' lang='lat' dir='ltr'>gagatis</span> <span class='ocrx_word' id='word_1_22' title='bbox 1134 553 1312 619; x_wconf 88' lang='lat' dir='ltr'>lapidis</span> <span class='ocrx_word' id='word_1_23' title='bbox 1359 553 1609 602; x_wconf 88' lang='lat' dir='ltr'>admotum</span> <span class='ocrx_word' id='word_1_24' title='bbox 1646 552 1794 601; x_wconf 91' lang='lat' dir='ltr'>fumi-</span> 
     </span>
     <span class='ocr_line' id='line_1_6' title="bbox 113 626 1864 696; baseline -0.004 -16"><span class='ocrx_word' id='word_1_25' title='bbox 113 633 249 696; x_wconf 89' lang='lat' dir='ltr'>gium</span> <span class='ocrx_word' id='word_1_26' title='bbox 280 630 477 695; x_wconf 86' lang='lat' dir='ltr'>sem&#39;per</span> <span class='ocrx_word' id='word_1_27' title='bbox 506 630 781 694; x_wconf 82' lang='lat' dir='ltr'>repentinis</span> <span class='ocrx_word' id='word_1_28' title='bbox 814 628 1009 678; x_wconf 84' lang='lat' dir='ltr'>casibus</span> <span class='ocrx_word' id='word_1_29' title='bbox 1039 627 1322 694; x_wconf 88' lang='lat' dir='ltr'>publicavit.</span> <span class='ocrx_word' id='word_1_30' title='bbox 1381 626 1475 676; x_wconf 91' lang='lat' dir='ltr'>hoc</span> <span class='ocrx_word' id='word_1_31' title='bbox 1507 626 1568 676; x_wconf 91' lang='lat' dir='ltr'>de</span> <span class='ocrx_word' id='word_1_32' title='bbox 1600 626 1795 675; x_wconf 86' lang='lat' dir='ltr'>araneis</span> <span class='ocrx_word' id='word_1_33' title='bbox 1840 636 1864 669; x_wconf 84' lang='lat'>5</span> 
     </span>
     <span class='ocr_line' id='line_1_7' title="bbox 114 699 1797 773; baseline -0.004 -19"><span class='ocrx_word' id='word_1_34' title='bbox 114 705 381 770; x_wconf 79' lang='lat' dir='ltr'>parietum,</span> <span class='ocrx_word' id='word_1_35' title='bbox 426 702 519 751; x_wconf 90' lang='grc'>1106</span> <span class='ocrx_word' id='word_1_36' title='bbox 565 702 626 751; x_wconf 92' lang='lat' dir='ltr'>de</span> <span class='ocrx_word' id='word_1_37' title='bbox 673 707 891 751; x_wconf 90' lang='lat' dir='ltr'>stercore</span> <span class='ocrx_word' id='word_1_38' title='bbox 939 713 1115 752; x_wconf 88' lang='lat' dir='ltr'>canum</span> <span class='ocrx_word' id='word_1_39' title='bbox 1160 701 1364 773; x_wconf 87' lang='lat' dir='ltr'>fumigio</span> <span class='ocrx_word' id='word_1_40' title='bbox 1412 699 1642 749; x_wconf 91' lang='lat' dir='ltr'>similiter</span> <span class='ocrx_word' id='word_1_41' title='bbox 1685 700 1797 748; x_wconf 91' lang='lat' dir='ltr'>fieri</span> 
     </span>
     <span class='ocr_line' id='line_1_8' title="bbox 115 774 1796 840; baseline -0.003 -13"><span class='ocrx_word' id='word_1_42' title='bbox 115 782 321 828; x_wconf 90' lang='lat' dir='ltr'>constat.</span> <span class='ocrx_word' id='word_1_43' title='bbox 397 790 511 824; x_wconf 91' lang='lat' dir='ltr'>nam</span> <span class='ocrx_word' id='word_1_44' title='bbox 550 781 600 824; x_wconf 94' lang='lat' dir='ltr'>et</span> <span class='ocrx_word' id='word_1_45' title='bbox 646 781 844 839; x_wconf 91' lang='lat' dir='ltr'>opertos</span> <span class='ocrx_word' id='word_1_46' title='bbox 891 790 1148 840; x_wconf 89' lang='lat' dir='ltr'>caprarum</span> <span class='ocrx_word' id='word_1_47' title='bbox 1194 774 1407 839; x_wconf 92' lang='lat' dir='ltr'>pellibus</span> <span class='ocrx_word' id='word_1_48' title='bbox 1447 775 1491 823; x_wconf 93' lang='lat' dir='ltr'>si</span> <span class='ocrx_word' id='word_1_49' title='bbox 1527 775 1580 822; x_wconf 90' lang='lat' dir='ltr'>in</span> <span class='ocrx_word' id='word_1_50' title='bbox 1619 787 1796 837; x_wconf 87' lang='lat' dir='ltr'>aquam</span> 
     </span>
     <span class='ocr_line' id='line_1_9' title="bbox 115 846 1797 915; baseline -0.003 -15"><span class='ocrx_word' id='word_1_51' title='bbox 115 849 312 915; x_wconf 84' lang='lat' dir='ltr'>ingredi</span> <span class='ocrx_word' id='word_1_52' title='bbox 350 849 499 898; x_wconf 88' lang='lat' dir='ltr'>facias</span> <span class='ocrx_word' id='word_1_53' title='bbox 538 848 698 897; x_wconf 91' lang='lat' dir='ltr'>litoris</span> <span class='ocrx_word' id='word_1_54' title='bbox 737 848 917 899; x_wconf 86' lang='lat' dir='ltr'>infusis</span> <span class='ocrx_word' id='word_1_55' title='bbox 947 848 1127 913; x_wconf 90' lang='lat' dir='ltr'>plantis</span> <span class='ocrx_word' id='word_1_56' title='bbox 1167 854 1217 897; x_wconf 92' lang='lat' dir='ltr'>et</span> <span class='ocrx_word' id='word_1_57' title='bbox 1260 849 1429 913; x_wconf 83' lang='lat' dir='ltr'>tectiS,</span> <span class='ocrx_word' id='word_1_58' title='bbox 1479 846 1797 912; x_wconf 89' lang='lat' dir='ltr'>epilempsiae</span> 
     </span>
     <span class='ocr_line' id='line_1_10' title="bbox 113 921 1796 989; baseline -0.002 -17"><span class='ocrx_word' id='word_1_59' title='bbox 113 924 279 989; x_wconf 88' lang='lat' dir='ltr'>passio</span> <span class='ocrx_word' id='word_1_60' title='bbox 321 921 722 972; x_wconf 87' lang='lat' dir='ltr'>commovebitur.</span> <span class='ocrx_word' id='word_1_61' title='bbox 786 921 1014 971; x_wconf 87' lang='lat' dir='ltr'>similiter</span> <span class='ocrx_word' id='word_1_62' title='bbox 1037 924 1184 971; x_wconf 86' lang='lat' dir='ltr'>etiam</span> <span class='ocrx_word' id='word_1_63' title='bbox 1225 923 1267 970; x_wconf 93' lang='lat' dir='ltr'>si</span> <span class='ocrx_word' id='word_1_64' title='bbox 1297 936 1443 970; x_wconf 91' lang='lat' dir='ltr'>nares</span> <span class='ocrx_word' id='word_1_65' title='bbox 1477 935 1649 969; x_wconf 92' lang='lat' dir='ltr'>eorum</span> <span class='ocrx_word' id='word_1_66' title='bbox 1680 935 1796 985; x_wconf 93' lang='lat' dir='ltr'>opo-</span> 
     </span>
     <span class='ocr_line' id='line_1_11' title="bbox 113 993 1866 1062; baseline -0.003 -17"><span class='ocrx_word' id='word_1_67' title='bbox 113 996 330 1046; x_wconf 89' lang='lat' dir='ltr'>balsamo</span> <span class='ocrx_word' id='word_1_68' title='bbox 371 1002 564 1062; x_wconf 82' lang='lat' dir='ltr'>tangaS,</span> <span class='ocrx_word' id='word_1_69' title='bbox 604 994 840 1044; x_wconf 89' lang='lat' dir='ltr'>sollicitos</span> <span class='ocrx_word' id='word_1_70' title='bbox 881 995 1221 1060; x_wconf 86' lang='lat' dir='ltr'>epilempticos</span> <span class='ocrx_word' id='word_1_71' title='bbox 1259 993 1544 1059; x_wconf 83' lang='lat' dir='ltr'>publicabit.</span> <span class='ocrx_word' id='word_1_72' title='bbox 1602 1000 1652 1043; x_wconf 93' lang='lat' dir='ltr'>et</span> <span class='ocrx_word' id='word_1_73' title='bbox 1690 1008 1798 1042; x_wconf 92' lang='lat' dir='ltr'>aca-</span> <span class='ocrx_word' id='word_1_74' title='bbox 1822 1007 1866 1039; x_wconf 88' lang='lat'>10</span> 
     </span>
     <span class='ocr_line' id='line_1_12' title="bbox 116 1067 1874 1135; baseline -0.003 -16"><span class='ocrx_word' id='word_1_75' title='bbox 116 1072 222 1119; x_wconf 92' lang='lat' dir='ltr'>ciae</span> <span class='ocrx_word' id='word_1_76' title='bbox 261 1069 462 1135; x_wconf 87' lang='lat' dir='ltr'>pulvere</span> <span class='ocrx_word' id='word_1_77' title='bbox 503 1084 614 1118; x_wconf 90' lang='lat' dir='ltr'>cum</span> <span class='ocrx_word' id='word_1_78' title='bbox 647 1085 771 1134; x_wconf 88' lang='lat' dir='ltr'>aqua</span> <span class='ocrx_word' id='word_1_79' title='bbox 802 1068 957 1118; x_wconf 87' lang='lat' dir='ltr'>calida</span> <span class='ocrx_word' id='word_1_80' title='bbox 995 1075 1195 1134; x_wconf 91' lang='lat' dir='ltr'>accepto</span> <span class='ocrx_word' id='word_1_81' title='bbox 1235 1070 1466 1118; x_wconf 89' lang='lat' dir='ltr'>continuo</span> <span class='ocrx_word' id='word_1_82' title='bbox 1507 1068 1724 1132; x_wconf 87' lang='lat' dir='ltr'>correpti</span> <span class='ocrx_word' id='word_1_83' title='bbox 1755 1068 1800 1115; x_wconf 91' lang='lat' dir='ltr'>si</span> <span class='ocrx_word' id='word_1_84' title='bbox 1871 1067 1874 1070; x_wconf 79' lang='grc'><strong>’</strong></span> 
     </span>
     <span class='ocr_line' id='line_1_13' title="bbox 115 1140 1799 1209; baseline -0.002 -17"><span class='ocrx_word' id='word_1_85' title='bbox 115 1144 317 1209; x_wconf 88' lang='lat' dir='ltr'>fuerint,</span> <span class='ocrx_word' id='word_1_86' title='bbox 356 1142 653 1192; x_wconf 86' lang='lat' dir='ltr'>insanabiles</span> <span class='ocrx_word' id='word_1_87' title='bbox 687 1149 846 1209; x_wconf 89' lang='lat' dir='ltr'>erunt,</span> <span class='ocrx_word' id='word_1_88' title='bbox 886 1145 963 1192; x_wconf 93' lang='lat' dir='ltr'>sin</span> <span class='ocrx_word' id='word_1_89' title='bbox 994 1158 1110 1192; x_wconf 89' lang='lat' dir='ltr'>vero</span> <span class='ocrx_word' id='word_1_90' title='bbox 1141 1142 1416 1208; x_wconf 88' lang='lat' dir='ltr'>febrierint,</span> <span class='ocrx_word' id='word_1_91' title='bbox 1452 1141 1646 1190; x_wconf 87' lang='lat' dir='ltr'>facilius</span> <span class='ocrx_word' id='word_1_92' title='bbox 1677 1140 1799 1189; x_wconf 92' lang='lat' dir='ltr'>libe-</span> 
     </span>
     <span class='ocr_line' id='line_1_14' title="bbox 115 1215 1799 1281; baseline -0.002 -15"><span class='ocrx_word' id='word_1_93' title='bbox 115 1222 302 1266; x_wconf 88' lang='lat' dir='ltr'>rantur.</span> <span class='ocrx_word' id='word_1_94' title='bbox 381 1215 473 1266; x_wconf 92' lang='lat' dir='ltr'>hoc</span> <span class='ocrx_word' id='word_1_95' title='bbox 520 1216 580 1265; x_wconf 93' lang='lat' dir='ltr'>de</span> <span class='ocrx_word' id='word_1_96' title='bbox 625 1216 892 1281; x_wconf 89' lang='lat' dir='ltr'>prodendis</span> <span class='ocrx_word' id='word_1_97' title='bbox 939 1216 1016 1266; x_wconf 90' lang='lat' dir='ltr'>vel</span> <span class='ocrx_word' id='word_1_98' title='bbox 1067 1216 1421 1281; x_wconf 89' lang='lat' dir='ltr'>cognoscendis</span> <span class='ocrx_word' id='word_1_99' title='bbox 1469 1215 1799 1280; x_wconf 88' lang='lat' dir='ltr'>epilempticis</span> 
     </span>
     <span class='ocr_line' id='line_1_15' title="bbox 116 1290 1601 1356; baseline -0.001 -17"><span class='ocrx_word' id='word_1_100' title='bbox 116 1291 424 1356; x_wconf 76' lang='lat' dir='ltr'>scripsimUS,</span> <span class='ocrx_word' id='word_1_101' title='bbox 462 1290 795 1339; x_wconf 88' lang='lat' dir='ltr'>remediorum</span> <span class='ocrx_word' id='word_1_102' title='bbox 833 1306 964 1340; x_wconf 89' lang='lat' dir='ltr'>nunc</span> <span class='ocrx_word' id='word_1_103' title='bbox 1003 1306 1127 1355; x_wconf 92' lang='lat' dir='ltr'>opus</span> <span class='ocrx_word' id='word_1_104' title='bbox 1166 1296 1242 1339; x_wconf 88' lang='lat' dir='ltr'>est</span> <span class='ocrx_word' id='word_1_105' title='bbox 1280 1290 1601 1339; x_wconf 89' lang='lat' dir='ltr'>ordinatione.</span> 
     </span>
    </p>

    <p class='ocr_par' dir='ltr' id='par_1_5' title="bbox 117 1361 1868 1574">
     <span class='ocr_line' id='line_1_16' title="bbox 265 1361 1851 1429; baseline 0.002 -18"><span class='ocrx_word' id='word_1_106' title='bbox 265 1364 501 1428; x_wconf 89' lang='lat' dir='ltr'>paeoniae</span> <span class='ocrx_word' id='word_1_107' title='bbox 542 1363 682 1412; x_wconf 86' lang='lat' dir='ltr'>radix</span> <span class='ocrx_word' id='word_1_108' title='bbox 720 1379 951 1428; x_wconf 88' lang='lat' dir='ltr'>magnum</span> <span class='ocrx_word' id='word_1_109' title='bbox 981 1363 1283 1429; x_wconf 90' lang='lat' dir='ltr'>praesidium</span> <span class='ocrx_word' id='word_1_110' title='bbox 1321 1369 1552 1428; x_wconf 81' lang='lat' dir='ltr'>praestat,</span> <span class='ocrx_word' id='word_1_111' title='bbox 1591 1364 1635 1411; x_wconf 92' lang='lat' dir='ltr'>si</span> <span class='ocrx_word' id='word_1_112' title='bbox 1674 1361 1797 1411; x_wconf 90' lang='lat' dir='ltr'>collo</span> <span class='ocrx_word' id='word_1_113' title='bbox 1817 1363 1851 1414; x_wconf 87' lang='grc'>6</span> 
     </span>
     <span class='ocr_line' id='line_1_17' title="bbox 117 1435 1868 1502; baseline -0.003 -15"><span class='ocrx_word' id='word_1_114' title='bbox 117 1436 361 1501; x_wconf 83' lang='lat' dir='ltr'>alligatam</span> <span class='ocrx_word' id='word_1_115' title='bbox 401 1436 706 1500; x_wconf 88' lang='lat' dir='ltr'>frequentius</span> <span class='ocrx_word' id='word_1_116' title='bbox 756 1437 1002 1487; x_wconf 87' lang='lat' dir='ltr'>odoretur.</span> <span class='ocrx_word' id='word_1_117' title='bbox 1080 1439 1151 1486; x_wconf 90' lang='lat' dir='ltr'>sic</span> <span class='ocrx_word' id='word_1_118' title='bbox 1190 1436 1480 1502; x_wconf 79' lang='lat' dir='ltr'>halicacabi,</span> <span class='ocrx_word' id='word_1_119' title='bbox 1527 1438 1598 1484; x_wconf 90' lang='lat' dir='ltr'>sic</span> <span class='ocrx_word' id='word_1_120' title='bbox 1645 1435 1798 1499; x_wconf 79' lang='lat' dir='ltr'>lathy-</span> <span class='ocrx_word' id='word_1_121' title='bbox 1824 1449 1868 1482; x_wconf 78' lang='grc'>16</span> 
     </span>
     <span class='ocr_line' id='line_1_18' title="bbox 118 1508 1801 1574; baseline -0.002 -15"><span class='ocrx_word' id='word_1_122' title='bbox 118 1510 241 1559; x_wconf 91' lang='lat' dir='ltr'>ridis</span> <span class='ocrx_word' id='word_1_123' title='bbox 274 1509 466 1559; x_wconf 89' lang='lat' dir='ltr'>radices</span> <span class='ocrx_word' id='word_1_124' title='bbox 491 1510 765 1559; x_wconf 88' lang='lat' dir='ltr'>medentur.</span> <span class='ocrx_word' id='word_1_125' title='bbox 807 1517 855 1560; x_wconf 91' lang='lat' dir='ltr'>et</span> <span class='ocrx_word' id='word_1_126' title='bbox 887 1516 1147 1560; x_wconf 89' lang='lat' dir='ltr'>contusum</span> <span class='ocrx_word' id='word_1_127' title='bbox 1177 1509 1486 1574; x_wconf 83' lang='lat' dir='ltr'>tithymalum</span> <span class='ocrx_word' id='word_1_128' title='bbox 1510 1525 1623 1558; x_wconf 90' lang='lat' dir='ltr'>cum</span> <span class='ocrx_word' id='word_1_129' title='bbox 1655 1508 1801 1557; x_wconf 85' lang='lat' dir='ltr'>alfitis</span> 
     </span>
    </p>
   </div>
   <div class='ocr_carea' id='block_1_5' title="bbox 117 1636 1812 2871">
    <p class='ocr_par' dir='ltr' id='par_1_6' title="bbox 117 1636 1805 2224">
     <span class='ocr_line' id='line_1_19' title="bbox 240 1636 1801 1692; baseline -0.001 -12"><span class='ocrx_word' id='word_1_130' title='bbox 240 1640 264 1679; x_wconf 89' lang='lat'>1</span> <span class='ocrx_word' id='word_1_131' title='bbox 298 1636 345 1681; x_wconf 80' lang='lat' dir='ltr'><strong><em>A</em></strong></span> <span class='ocrx_word' id='word_1_132' title='bbox 375 1636 496 1681; x_wconf 76' lang='lat' dir='ltr'>linea</span> <span class='ocrx_word' id='word_1_133' title='bbox 525 1650 644 1681; x_wconf 76' lang='lat' dir='ltr'>‘nova</span> <span class='ocrx_word' id='word_1_134' title='bbox 666 1637 928 1682; x_wconf 74' lang='lat' dir='ltr'>scribuntwr</span> <span class='ocrx_word' id='word_1_135' title='bbox 957 1638 1065 1682; x_wconf 84' lang='lat' dir='ltr'>haec</span> <span class='ocrx_word' id='word_1_136' title='bbox 1087 1638 1139 1681; x_wconf 73' lang='lat' dir='ltr'>in</span> <span class='ocrx_word' id='word_1_137' title='bbox 1168 1638 1280 1692; x_wconf 66' lang='lat' dir='ltr'>cod„</span> <span class='ocrx_word' id='word_1_138' title='bbox 1309 1638 1406 1682; x_wconf 78' lang='lat' dir='ltr'>sine</span> <span class='ocrx_word' id='word_1_139' title='bbox 1428 1637 1615 1682; x_wconf 74' lang='lat' dir='ltr'>‘rubrica</span> <span class='ocrx_word' id='word_1_140' title='bbox 1637 1641 1801 1681; x_wconf 76' lang='lat' dir='ltr'>tamen.</span> 
     </span>
     <span class='ocr_line' id='line_1_20' title="bbox 117 1695 1803 1753; baseline -0.001 -13"><span class='ocrx_word' id='word_1_141' title='bbox 117 1697 323 1753; x_wconf 74' lang='lat' dir='ltr'>sequitur</span> <span class='ocrx_word' id='word_1_142' title='bbox 368 1696 486 1740; x_wconf 77' lang='lat' dir='ltr'>enim</span> <span class='ocrx_word' id='word_1_143' title='bbox 531 1709 628 1751; x_wconf 80' lang='grc' dir='ltr'>οαΡ.</span> <span class='ocrx_word' id='word_1_144' title='bbox 677 1695 730 1740; x_wconf 82' lang='lat' dir='ltr'>de</span> <span class='ocrx_word' id='word_1_145' title='bbox 775 1697 1091 1753; x_wconf 73' lang='lat' dir='ltr'>epilempticis,</span> <span class='ocrx_word' id='word_1_146' title='bbox 1140 1697 1289 1741; x_wconf 83' lang='lat' dir='ltr'>eodem</span> <span class='ocrx_word' id='word_1_147' title='bbox 1326 1709 1413 1753; x_wconf 78' lang='lat' dir='ltr'>quo</span> <span class='ocrx_word' id='word_1_148' title='bbox 1459 1709 1601 1752; x_wconf 70' lang='lat' dir='ltr'>supra</span> <span class='ocrx_word' id='word_1_149' title='bbox 1640 1695 1803 1740; x_wconf 74' lang='lat' dir='ltr'>ordine</span> 
     </span>
     <span class='ocr_line' id='line_1_21' title="bbox 120 1755 1804 1811; baseline -0.001 -12"><span class='ocrx_word' id='word_1_150' title='bbox 120 1756 173 1799; x_wconf 85' lang='lat' dir='ltr'>de</span> <span class='ocrx_word' id='word_1_151' title='bbox 204 1755 428 1799; x_wconf 66' lang='lat' dir='ltr'>chronicis</span> <span class='ocrx_word' id='word_1_152' title='bbox 457 1768 558 1799; x_wconf 79' lang='lat' dir='ltr'>cum</span> <span class='ocrx_word' id='word_1_153' title='bbox 588 1755 767 1799; x_wconf 77' lang='lat' dir='ltr'>diceret.</span> <span class='ocrx_word' id='word_1_154' title='bbox 873 1759 902 1797; x_wconf 89' lang='lat'>4</span> <span class='ocrx_word' id='word_1_155' title='bbox 931 1769 986 1799; x_wconf 80' lang='lat' dir='ltr'>ex</span> <span class='ocrx_word' id='word_1_156' title='bbox 1016 1756 1079 1799; x_wconf 88' lang='lat' dir='ltr'>eis</span> <span class='ocrx_word' id='word_1_157' title='bbox 1109 1769 1223 1811; x_wconf 78' lang='lat' dir='ltr'>quae</span> <span class='ocrx_word' id='word_1_158' title='bbox 1252 1756 1326 1799; x_wconf 86' lang='lat' dir='ltr'>hic</span> <span class='ocrx_word' id='word_1_159' title='bbox 1350 1760 1564 1810; x_wconf 73' lang='lat' dir='ltr'>prostant</span> <span class='ocrx_word' id='word_1_160' title='bbox 1593 1759 1804 1810; x_wconf 77' lang='lat' dir='ltr'>eoecerpta</span> 
     </span>
     <span class='ocr_line' id='line_1_22' title="bbox 118 1813 1805 1869; baseline -0.001 -11"><span class='ocrx_word' id='word_1_161' title='bbox 118 1818 228 1858; x_wconf 80' lang='lat' dir='ltr'>simt</span> <span class='ocrx_word' id='word_1_162' title='bbox 258 1827 372 1869; x_wconf 77' lang='lat' dir='ltr'>quae</span> <span class='ocrx_word' id='word_1_163' title='bbox 402 1815 540 1858; x_wconf 85' lang='lat' dir='ltr'>tacito</span> <span class='ocrx_word' id='word_1_164' title='bbox 571 1819 754 1860; x_wconf 77' lang='lat' dir='ltr'>auctore</span> <span class='ocrx_word' id='word_1_165' title='bbox 782 1814 836 1858; x_wconf 75' lang='lat' dir='ltr'>in</span> <span class='ocrx_word' id='word_1_166' title='bbox 865 1815 1184 1859; x_wconf 71' lang='lat' dir='ltr'>additamentis</span> <span class='ocrx_word' id='word_1_167' title='bbox 1218 1814 1384 1859; x_wconf 77' lang='lat' dir='ltr'>Galem&#39;</span> <span class='ocrx_word' id='word_1_168' title='bbox 1412 1818 1494 1858; x_wconf 76' lang='lat' dir='ltr'>vet</span> <span class='ocrx_word' id='word_1_169' title='bbox 1519 1814 1599 1858; x_wconf 83' lang='lat' dir='ltr'>lat.</span> <span class='ocrx_word' id='word_1_170' title='bbox 1630 1813 1805 1858; x_wconf 77' lang='lat' dir='ltr'>exhibet</span> 
     </span>
     <span class='ocr_line' id='line_1_23' title="bbox 119 1871 1805 1938; baseline -0.001 -21"><span class='ocrx_word' id='word_1_171' title='bbox 119 1873 260 1917; x_wconf 79' lang='lat' dir='ltr'>codex</span> <span class='ocrx_word' id='word_1_172' title='bbox 298 1871 533 1916; x_wconf 76' lang='lat' dir='ltr'>Leidensis</span> <span class='ocrx_word' id='word_1_173' title='bbox 578 1877 709 1938; x_wconf 76' lang='lat' dir='ltr'>atque</span> <span class='ocrx_word' id='word_1_174' title='bbox 753 1885 810 1916; x_wconf 77' lang='lat' dir='ltr'>eae</span> <span class='ocrx_word' id='word_1_175' title='bbox 853 1873 995 1917; x_wconf 78' lang='lat' dir='ltr'>simili</span> <span class='ocrx_word' id='word_1_176' title='bbox 1041 1873 1209 1917; x_wconf 74' lang='lat' dir='ltr'>Galeni</span> <span class='ocrx_word' id='word_1_177' title='bbox 1254 1872 1503 1929; x_wconf 68' lang='lat' dir='ltr'>exemplari</span> <span class='ocrx_word' id='word_1_178' title='bbox 1551 1873 1805 1928; x_wconf 75' lang='lat' dir='ltr'>Garipotus</span> 
     </span>
     <span class='ocr_line' id='line_1_24' title="bbox 119 1929 1801 1989; baseline 0.001 -15"><span class='ocrx_word' id='word_1_179' title='bbox 119 1931 162 1987; x_wconf 89' lang='lat' dir='ltr'>I,</span> <span class='ocrx_word' id='word_1_180' title='bbox 189 1934 231 1975; x_wconf 88' lang='grc'>6.</span> <span class='ocrx_word' id='word_1_181' title='bbox 293 1938 300 1949; x_wconf 84' lang='grc'><em>“</em></span> <span class='ocrx_word' id='word_1_182' title='bbox 390 1935 417 1973; x_wconf 87' lang='lat'>4</span> <span class='ocrx_word' id='word_1_183' title='bbox 448 1929 658 1987; x_wconf 88' lang='lat' dir='ltr'>gagatis·</span> <span class='ocrx_word' id='word_1_184' title='bbox 686 1931 743 1984; x_wconf 78' lang='lat' dir='ltr'>cf.</span> <span class='ocrx_word' id='word_1_185' title='bbox 776 1931 906 1976; x_wconf 77' lang='lat' dir='ltr'>Alex.</span> <span class='ocrx_word' id='word_1_186' title='bbox 943 1932 1084 1976; x_wconf 72' lang='grc' dir='ltr'>ΤναΖΖ</span> <span class='ocrx_word' id='word_1_187' title='bbox 1117 1933 1182 1976; x_wconf 84' lang='lat' dir='ltr'>ed.</span> <span class='ocrx_word' id='word_1_188' title='bbox 1216 1932 1326 1975; x_wconf 87' lang='lat' dir='ltr'>Bas.</span> <span class='ocrx_word' id='word_1_189' title='bbox 1347 1945 1396 1987; x_wconf 89' lang='grc' dir='ltr'>Ρ.</span> <span class='ocrx_word' id='word_1_190' title='bbox 1423 1936 1483 1976; x_wconf 86' lang='grc'>78</span> <span class='ocrx_word' id='word_1_191' title='bbox 1515 1932 1610 1987; x_wconf 83' lang='lat' dir='ltr'>(lat.</span> <span class='ocrx_word' id='word_1_192' title='bbox 1643 1932 1684 1986; x_wconf 91' lang='lat' dir='ltr'>I,</span> <span class='ocrx_word' id='word_1_193' title='bbox 1704 1934 1801 1989; x_wconf 82' lang='grc'>72).</span> 
     </span>
     <span class='ocr_line' id='line_1_25' title="bbox 121 1967 1804 2047; baseline 0.001 -15"><span class='ocrx_word' id='word_1_194' title='bbox 121 1993 149 2032; x_wconf 97' lang='grc'>6</span> <span class='ocrx_word' id='word_1_195' title='bbox 183 1988 398 2033; x_wconf 86' lang='lat' dir='ltr'>stercoris</span> <span class='ocrx_word' id='word_1_196' title='bbox 430 1989 575 2032; x_wconf 90' lang='lat' dir='ltr'>etiam</span> <span class='ocrx_word' id='word_1_197' title='bbox 606 1988 860 2033; x_wconf 90' lang='lat' dir='ltr'>columbini</span> <span class='ocrx_word' id='word_1_198' title='bbox 890 1989 1046 2034; x_wconf 87' lang='lat' dir='ltr'>canini</span> <span class='ocrx_word' id='word_1_199' title='bbox 1076 1996 1154 2035; x_wconf 79' lang='grc'>616.</span> <span class='ocrx_word' id='word_1_200' title='bbox 1191 1990 1302 2036; x_wconf 77' lang='lat' dir='ltr'>Gar.</span> <span class='ocrx_word' id='word_1_201' title='bbox 1479 1967 1728 2047; x_wconf 82' lang='lat' dir='ltr'>fumigium</span> <span class='ocrx_word' id='word_1_202' title='bbox 1758 1991 1804 2034; x_wconf 93' lang='grc' dir='ltr'><strong><em>Β</em></strong></span> 
     </span>
     <span class='ocr_line' id='line_1_26' title="bbox 122 2047 1805 2106; baseline 0.002 -15"><span class='ocrx_word' id='word_1_203' title='bbox 122 2048 274 2104; x_wconf 48' lang='lat' dir='ltr'>(Neu,</span> <span class='ocrx_word' id='word_1_204' title='bbox 306 2050 386 2105; x_wconf 76' lang='lat' dir='ltr'>qui</span> <span class='ocrx_word' id='word_1_205' title='bbox 415 2062 519 2093; x_wconf 79' lang='lat' dir='ltr'>mox</span> <span class='ocrx_word' id='word_1_206' title='bbox 544 2062 632 2105; x_wconf 76' lang='lat' dir='ltr'>pro</span> <span class='ocrx_word' id='word_1_207' title='bbox 664 2047 765 2091; x_wconf 86' lang='lat' dir='ltr'>fieri</span> <span class='ocrx_word' id='word_1_208' title='bbox 794 2050 976 2106; x_wconf 78' lang='lat' dir='ltr'>scripsit</span> <span class='ocrx_word' id='word_1_209' title='bbox 997 2049 1181 2106; x_wconf 85' lang='lat' dir='ltr'>facere).</span> <span class='ocrx_word' id='word_1_210' title='bbox 1335 2052 1362 2092; x_wconf 85' lang='grc'>8</span> <span class='ocrx_word' id='word_1_211' title='bbox 1395 2050 1579 2105; x_wconf 89' lang='lat' dir='ltr'>opertos</span> <span class='ocrx_word' id='word_1_212' title='bbox 1612 2055 1713 2094; x_wconf 77' lang='lat' dir='ltr'>etc..-</span> <span class='ocrx_word' id='word_1_213' title='bbox 1744 2051 1805 2104; x_wconf 80' lang='lat' dir='ltr'>cf.</span> 
     </span>
     <span class='ocr_line' id='line_1_27' title="bbox 123 2106 1805 2165; baseline 0.001 -15"><span class='ocrx_word' id='word_1_214' title='bbox 123 2106 255 2150; x_wconf 74' lang='lat' dir='ltr'>Alex.</span> <span class='ocrx_word' id='word_1_215' title='bbox 289 2107 316 2150; x_wconf 85' lang='grc' dir='ltr'>Ζ.</span> <span class='ocrx_word' id='word_1_216' title='bbox 350 2121 386 2151; x_wconf 92' lang='grc'>6.</span> <span class='ocrx_word' id='word_1_217' title='bbox 412 2106 547 2163; x_wconf 81' lang='lat' dir='ltr'>(Cael.</span> <span class='ocrx_word' id='word_1_218' title='bbox 581 2107 670 2150; x_wconf 83' lang='lat' dir='ltr'>chr.</span> <span class='ocrx_word' id='word_1_219' title='bbox 696 2111 738 2162; x_wconf 92' lang='lat'>1,</span> <span class='ocrx_word' id='word_1_220' title='bbox 773 2108 889 2163; x_wconf 84' lang='lat'><em>126).</em></span> <span class='ocrx_word' id='word_1_221' title='bbox 1137 2112 1192 2152; x_wconf 89' lang='lat'>10</span> <span class='ocrx_word' id='word_1_222' title='bbox 1226 2107 1455 2151; x_wconf 87' lang='lat' dir='ltr'>sollicitus</span> <span class='ocrx_word' id='word_1_223' title='bbox 1481 2109 1525 2164; x_wconf 78' lang='lat' dir='ltr'>(l.</span> <span class='ocrx_word' id='word_1_224' title='bbox 1553 2109 1700 2165; x_wconf 88' lang='lat' dir='ltr'>—tos)</span> <span class='ocrx_word' id='word_1_225' title='bbox 1733 2121 1805 2165; x_wconf 86' lang='lat' dir='ltr'>ep.</span> 
     </span>
     <span class='ocr_line' id='line_1_28' title="bbox 123 2164 1674 2224; baseline 0.001 -15"><span class='ocrx_word' id='word_1_226' title='bbox 123 2164 387 2221; x_wconf 83' lang='lat' dir='ltr'>publicavit</span> <span class='ocrx_word' id='word_1_227' title='bbox 432 2166 487 2222; x_wconf 79' lang='lat' dir='ltr'>(l.</span> <span class='ocrx_word' id='word_1_228' title='bbox 520 2164 673 2221; x_wconf 90' lang='lat' dir='ltr'>—bit)</span> <span class='ocrx_word' id='word_1_229' title='bbox 713 2166 779 2210; x_wconf 85' lang='lat' dir='ltr'>B:</span> <span class='ocrx_word' id='word_1_230' title='bbox 835 2165 1080 2210; x_wconf 78' lang='lat' dir='ltr'>sollicitius</span> <span class='ocrx_word' id='word_1_231' title='bbox 1128 2181 1196 2224; x_wconf 88' lang='lat' dir='ltr'>ep.</span> <span class='ocrx_word' id='word_1_232' title='bbox 1244 2166 1509 2224; x_wconf 84' lang='lat' dir='ltr'>publicabis</span> <span class='ocrx_word' id='word_1_233' title='bbox 1556 2167 1674 2211; x_wconf 75' lang='lat' dir='ltr'>Neu.</span> 
     </span>
    </p>

    <p class='ocr_par' dir='ltr' id='par_1_7' title="bbox 121 2223 1812 2869">
     <span class='ocr_line' id='line_1_29' title="bbox 127 2223 1805 2281; baseline 0.002 -15"><span class='ocrx_word' id='word_1_234' title='bbox 127 2228 180 2267; x_wconf 91' lang='grc'>11</span> <span class='ocrx_word' id='word_1_235' title='bbox 220 2223 504 2280; x_wconf 85' lang='lat' dir='ltr'>pulvere...</span> <span class='ocrx_word' id='word_1_236' title='bbox 539 2225 729 2280; x_wconf 80' lang='lat' dir='ltr'>accepto</span> <span class='ocrx_word' id='word_1_237' title='bbox 760 2229 838 2269; x_wconf 83' lang='lat' dir='ltr'>etc.</span> <span class='ocrx_word' id='word_1_238' title='bbox 870 2226 944 2281; x_wconf 83' lang='lat' dir='ltr'>(cf.</span> <span class='ocrx_word' id='word_1_239' title='bbox 973 2226 1085 2272; x_wconf 80' lang='lat' dir='ltr'>Gar.</span> <span class='ocrx_word' id='word_1_240' title='bbox 1125 2229 1173 2269; x_wconf 88' lang='lat' dir='ltr'>et</span> <span class='ocrx_word' id='word_1_241' title='bbox 1210 2225 1396 2269; x_wconf 81' lang='lat' dir='ltr'>acaciae</span> <span class='ocrx_word' id='word_1_242' title='bbox 1433 2224 1588 2281; x_wconf 86' lang='lat' dir='ltr'>pulvis</span> <span class='ocrx_word' id='word_1_243' title='bbox 1622 2239 1658 2270; x_wconf 89' lang='grc'>6.</span> <span class='ocrx_word' id='word_1_244' title='bbox 1692 2239 1733 2269; x_wconf 88' lang='lat' dir='ltr'>a.</span> <span class='ocrx_word' id='word_1_245' title='bbox 1768 2239 1805 2270; x_wconf 92' lang='lat' dir='ltr'>c.</span> 
     </span>
     <span class='ocr_line' id='line_1_30' title="bbox 125 2259 1808 2340; baseline 0.002 -15"><span class='ocrx_word' id='word_1_246' title='bbox 125 2283 346 2339; x_wconf 88' lang='lat' dir='ltr'>acceptus</span> <span class='ocrx_word' id='word_1_247' title='bbox 393 2259 498 2325; x_wconf 80' lang='lat' dir='ltr'>cum</span> <span class='ocrx_word' id='word_1_248' title='bbox 551 2281 862 2339; x_wconf 86' lang='lat' dir='ltr'>corripiuntur</span> <span class='ocrx_word' id='word_1_249' title='bbox 907 2284 1128 2329; x_wconf 85' lang='lat' dir='ltr'>continuo</span> <span class='ocrx_word' id='word_1_250' title='bbox 1177 2283 1388 2340; x_wconf 83' lang='lat' dir='ltr'>liberat):</span> <span class='ocrx_word' id='word_1_251' title='bbox 1440 2283 1655 2340; x_wconf 86' lang='lat' dir='ltr'>pulveres</span> <span class='ocrx_word' id='word_1_252' title='bbox 1702 2297 1808 2328; x_wconf 90' lang='lat' dir='ltr'>cum</span> 
     </span>
     <span class='ocr_line' id='line_1_31' title="bbox 127 2340 1806 2399; baseline 0.001 -15"><span class='ocrx_word' id='word_1_253' title='bbox 127 2354 168 2386; x_wconf 89' lang='lat' dir='ltr'>a.</span> <span class='ocrx_word' id='word_1_254' title='bbox 203 2354 240 2385; x_wconf 88' lang='grc'>6.</span> <span class='ocrx_word' id='word_1_255' title='bbox 276 2340 551 2398; x_wconf 87' lang='grc' dir='ltr'>3666Ρ611111.</span> <span class='ocrx_word' id='word_1_256' title='bbox 593 2340 812 2386; x_wconf 89' lang='grc'>6011111130</span> <span class='ocrx_word' id='word_1_257' title='bbox 844 2355 956 2387; x_wconf 90' lang='lat' dir='ltr'>corr.</span> <span class='ocrx_word' id='word_1_258' title='bbox 991 2343 1032 2387; x_wconf 90' lang='lat' dir='ltr'>si</span> <span class='ocrx_word' id='word_1_259' title='bbox 1060 2343 1091 2388; x_wconf 87' lang='lat' dir='ltr'>f</span> <span class='ocrx_word' id='word_1_260' title='bbox 1125 2344 1171 2387; x_wconf 90' lang='lat' dir='ltr'><strong><em>B</em></strong></span> <span class='ocrx_word' id='word_1_261' title='bbox 1202 2342 1433 2399; x_wconf 85' lang='lat' dir='ltr'>(pulveres</span> <span class='ocrx_word' id='word_1_262' title='bbox 1469 2342 1510 2386; x_wconf 88' lang='lat' dir='ltr'>si</span> <span class='ocrx_word' id='word_1_263' title='bbox 1548 2356 1654 2386; x_wconf 90' lang='lat' dir='ltr'>cum</span> <span class='ocrx_word' id='word_1_264' title='bbox 1693 2356 1735 2387; x_wconf 89' lang='lat' dir='ltr'>a.</span> <span class='ocrx_word' id='word_1_265' title='bbox 1768 2356 1806 2387; x_wconf 91' lang='grc'>6.</span> 
     </span>
     <span class='ocr_line' id='line_1_32' title="bbox 126 2399 1806 2458; baseline 0.001 -14"><span class='ocrx_word' id='word_1_266' title='bbox 126 2399 394 2456; x_wconf 76' lang='lat' dir='ltr'>acceperint</span> <span class='ocrx_word' id='word_1_267' title='bbox 424 2401 471 2444; x_wconf 84' lang='lat' dir='ltr'>et</span> <span class='ocrx_word' id='word_1_268' title='bbox 503 2399 544 2443; x_wconf 89' lang='lat' dir='ltr'>si</span> <span class='ocrx_word' id='word_1_269' title='bbox 574 2399 792 2444; x_wconf 83' lang='lat' dir='ltr'>continuo</span> <span class='ocrx_word' id='word_1_270' title='bbox 825 2402 1026 2458; x_wconf 86' lang='lat' dir='ltr'>correpti</span> <span class='ocrx_word' id='word_1_271' title='bbox 1054 2402 1085 2447; x_wconf 92' lang='lat' dir='ltr'>f.</span> <span class='ocrx_word' id='word_1_272' title='bbox 1118 2403 1254 2458; x_wconf 74' lang='lat' dir='ltr'>Neu.)</span> <span class='ocrx_word' id='word_1_273' title='bbox 1468 2405 1523 2443; x_wconf 89' lang='grc'>1-3</span> <span class='ocrx_word' id='word_1_274' title='bbox 1554 2401 1806 2457; x_wconf 82' lang='lat' dir='ltr'>prodendis</span> 
     </span>
     <span class='ocr_line' id='line_1_33' title="bbox 127 2458 1806 2518; baseline 0.001 -15"><span class='ocrx_word' id='word_1_275' title='bbox 127 2459 269 2503; x_wconf 61' lang='lat' dir='ltr'>Nem:</span> <span class='ocrx_word' id='word_1_276' title='bbox 300 2458 635 2515; x_wconf 84' lang='lat' dir='ltr'>profundendis</span> <span class='ocrx_word' id='word_1_277' title='bbox 666 2460 757 2504; x_wconf 90' lang='lat' dir='ltr'>B.</span> <span class='ocrx_word' id='word_1_278' title='bbox 892 2465 946 2504; x_wconf 82' lang='lat'>15</span> <span class='ocrx_word' id='word_1_279' title='bbox 978 2463 1031 2506; x_wconf 85' lang='lat' dir='ltr'>de</span> <span class='ocrx_word' id='word_1_280' title='bbox 1054 2462 1257 2517; x_wconf 77' lang='lat' dir='ltr'>paeonia</span> <span class='ocrx_word' id='word_1_281' title='bbox 1286 2461 1317 2504; x_wconf 91' lang='lat' dir='ltr'>i.</span> <span class='ocrx_word' id='word_1_282' title='bbox 1349 2460 1578 2518; x_wconf 73' lang='lat' dir='ltr'>ylycyside</span> <span class='ocrx_word' id='word_1_283' title='bbox 1608 2475 1647 2505; x_wconf 75' lang='lat' dir='ltr'>v.</span> <span class='ocrx_word' id='word_1_284' title='bbox 1673 2460 1806 2505; x_wconf 76' lang='lat' dir='ltr'>Alex.</span> 
     </span>
     <span class='ocr_line' id='line_1_34' title="bbox 121 2516 1809 2576; baseline 0.001 -15"><span class='ocrx_word' id='word_1_285' title='bbox 121 2532 171 2574; x_wconf 92' lang='grc' dir='ltr'>Ρ.</span> <span class='ocrx_word' id='word_1_286' title='bbox 196 2520 271 2562; x_wconf 88' lang='grc'>83.</span> <span class='ocrx_word' id='word_1_287' title='bbox 304 2520 364 2562; x_wconf 86' lang='grc'>85</span> <span class='ocrx_word' id='word_1_288' title='bbox 386 2517 498 2562; x_wconf 86' lang='lat' dir='ltr'>Bas.</span> <span class='ocrx_word' id='word_1_289' title='bbox 612 2516 732 2561; x_wconf 91' lang='lat' dir='ltr'>collo</span> <span class='ocrx_word' id='word_1_290' title='bbox 757 2517 1005 2575; x_wconf 87' lang='lat' dir='ltr'>alligatam</span> <span class='ocrx_word' id='word_1_291' title='bbox 1023 2521 1105 2576; x_wconf 83' lang='lat' dir='ltr'>(sie</span> <span class='ocrx_word' id='word_1_292' title='bbox 1129 2519 1291 2575; x_wconf 68' lang='lat' dir='ltr'>Gai-ip.</span> <span class='ocrx_word' id='word_1_293' title='bbox 1317 2520 1345 2562; x_wconf 85' lang='lat' dir='ltr'>Z.</span> <span class='ocrx_word' id='word_1_294' title='bbox 1371 2520 1446 2575; x_wconf 86' lang='grc'>6.)·</span> <span class='ocrx_word' id='word_1_295' title='bbox 1479 2517 1694 2562; x_wconf 80' lang='lat' dir='ltr'>continue</span> <span class='ocrx_word' id='word_1_296' title='bbox 1725 2532 1809 2576; x_wconf 89' lang='lat' dir='ltr'>po-</span> 
     </span>
     <span class='ocr_line' id='line_1_35' title="bbox 126 2577 1808 2635; baseline 0.001 -15"><span class='ocrx_word' id='word_1_297' title='bbox 126 2577 233 2621; x_wconf 88' lang='grc'>1313</span> <span class='ocrx_word' id='word_1_298' title='bbox 264 2577 449 2633; x_wconf 75' lang='lat' dir='ltr'>(inepte,</span> <span class='ocrx_word' id='word_1_299' title='bbox 480 2581 533 2621; x_wconf 78' lang='lat' dir='ltr'>ut</span> <span class='ocrx_word' id='word_1_300' title='bbox 562 2577 686 2632; x_wconf 84' lang='lat' dir='ltr'>solet)</span> <span class='ocrx_word' id='word_1_301' title='bbox 716 2577 762 2620; x_wconf 93' lang='lat' dir='ltr'><em>B</em></span> <span class='ocrx_word' id='word_1_302' title='bbox 779 2577 947 2635; x_wconf 80' lang='lat' dir='ltr'>(Neu.)</span> <span class='ocrx_word' id='word_1_303' title='bbox 995 2578 1126 2623; x_wconf 80' lang='lat' dir='ltr'>addit</span> <span class='ocrx_word' id='word_1_304' title='bbox 1159 2578 1264 2623; x_wconf 80' lang='lat' dir='ltr'>Gal.</span> <span class='ocrx_word' id='word_1_305' title='bbox 1303 2577 1391 2621; x_wconf 89' lang='lat' dir='ltr'>hoc</span> <span class='ocrx_word' id='word_1_306' title='bbox 1430 2578 1592 2621; x_wconf 81' lang='lat' dir='ltr'>auctor</span> <span class='ocrx_word' id='word_1_307' title='bbox 1630 2577 1808 2634; x_wconf 83' lang='lat' dir='ltr'>experi-</span> 
     </span>
     <span class='ocr_line' id='line_1_36' title="bbox 127 2634 1812 2692; baseline 0.001 -14"><span class='ocrx_word' id='word_1_308' title='bbox 127 2635 444 2679; x_wconf 83' lang='lat' dir='ltr'>mentatorum</span> <span class='ocrx_word' id='word_1_309' title='bbox 475 2634 680 2679; x_wconf 80' lang='lat' dir='ltr'>affirmat</span> <span class='ocrx_word' id='word_1_310' title='bbox 709 2640 791 2680; x_wconf 77' lang='lat' dir='ltr'>aut</span> <span class='ocrx_word' id='word_1_311' title='bbox 822 2639 992 2692; x_wconf 78' lang='lat' dir='ltr'>potius,</span> <span class='ocrx_word' id='word_1_312' title='bbox 1029 2638 1168 2682; x_wconf 78' lang='lat' dir='ltr'>sicuti</span> <span class='ocrx_word' id='word_1_313' title='bbox 1195 2637 1327 2681; x_wconf 81' lang='lat' dir='ltr'>habet</span> <span class='ocrx_word' id='word_1_314' title='bbox 1357 2636 1452 2681; x_wconf 83' lang='lat' dir='ltr'>cod</span> <span class='ocrx_word' id='word_1_315' title='bbox 1484 2636 1614 2681; x_wconf 83' lang='lat' dir='ltr'>Leid.</span> <span class='ocrx_word' id='word_1_316' title='bbox 1648 2638 1812 2680; x_wconf 88' lang='lat' dir='ltr'>auctor</span> 
     </span>
     <span class='ocr_line' id='line_1_37' title="bbox 127 2692 1807 2753; baseline 0 -15"><span class='ocrx_word' id='word_1_317' title='bbox 127 2695 360 2750; x_wconf 82' lang='lat' dir='ltr'>expertus,</span> <span class='ocrx_word' id='word_1_318' title='bbox 484 2698 539 2737; x_wconf 87' lang='lat'>16</span> <span class='ocrx_word' id='word_1_319' title='bbox 572 2692 696 2737; x_wconf 86' lang='grc'>31163</span> <span class='ocrx_word' id='word_1_320' title='bbox 726 2694 890 2738; x_wconf 84' lang='lat' dir='ltr'>cacabi</span> <span class='ocrx_word' id='word_1_321' title='bbox 921 2697 1016 2753; x_wconf 83' lang='lat' dir='ltr'>(sie)</span> <span class='ocrx_word' id='word_1_322' title='bbox 1048 2696 1094 2740; x_wconf 93' lang='grc' dir='ltr'><strong><em>Β</em></strong></span> <span class='ocrx_word' id='word_1_323' title='bbox 1118 2696 1247 2752; x_wconf 79' lang='lat' dir='ltr'>(corr.</span> <span class='ocrx_word' id='word_1_324' title='bbox 1279 2694 1416 2751; x_wconf 82' lang='lat' dir='ltr'>Neu.)</span> <span class='ocrx_word' id='word_1_325' title='bbox 1446 2695 1478 2741; x_wconf 80' lang='lat' dir='ltr'>i,</span> <span class='ocrx_word' id='word_1_326' title='bbox 1511 2709 1546 2740; x_wconf 88' lang='lat' dir='ltr'>e.</span> <span class='ocrx_word' id='word_1_327' title='bbox 1579 2696 1807 2751; x_wconf 80' lang='lat' dir='ltr'>strychni:</span> 
     </span>
     <span class='ocr_line' id='line_1_38' title="bbox 132 2751 1809 2812; baseline 0.001 -15"><span class='ocrx_word' id='word_1_328' title='bbox 132 2752 192 2807; x_wconf 76' lang='lat' dir='ltr'>cf.</span> <span class='ocrx_word' id='word_1_329' title='bbox 223 2752 359 2798; x_wconf 77' lang='lat' dir='ltr'>Alex.</span> <span class='ocrx_word' id='word_1_330' title='bbox 390 2753 418 2797; x_wconf 93' lang='grc' dir='ltr'>Ζ.</span> <span class='ocrx_word' id='word_1_331' title='bbox 451 2765 487 2797; x_wconf 93' lang='grc'>6.</span> <span class='ocrx_word' id='word_1_332' title='bbox 651 2751 901 2809; x_wconf 80' lang='lat' dir='ltr'>lathyridis</span> <span class='ocrx_word' id='word_1_333' title='bbox 932 2755 1005 2810; x_wconf 79' lang='lat' dir='ltr'>(cf.</span> <span class='ocrx_word' id='word_1_334' title='bbox 1039 2754 1165 2799; x_wconf 71' lang='lat' dir='ltr'>Ptin.</span> <span class='ocrx_word' id='word_1_335' title='bbox 1196 2757 1276 2810; x_wconf 84' lang='grc'>26,</span> <span class='ocrx_word' id='word_1_336' title='bbox 1307 2756 1388 2798; x_wconf 89' lang='grc'>62.</span> <span class='ocrx_word' id='word_1_337' title='bbox 1419 2754 1602 2799; x_wconf 75' lang='lat' dir='ltr'>inutilis</span> <span class='ocrx_word' id='word_1_338' title='bbox 1631 2756 1809 2812; x_wconf 74' lang='lat' dir='ltr'>quidem</span> 
     </span>
     <span class='ocr_line' id='line_1_39' title="bbox 127 2812 1810 2871; baseline 0.002 -16"><span class='ocrx_word' id='word_1_339' title='bbox 127 2812 172 2855; x_wconf 86' lang='lat' dir='ltr'>si</span> <span class='ocrx_word' id='word_1_340' title='bbox 201 2824 294 2855; x_wconf 73' lang='lat' dir='ltr'>non</span> <span class='ocrx_word' id='word_1_341' title='bbox 323 2812 518 2869; x_wconf 74' lang='lat' dir='ltr'>mayico,</span> <span class='ocrx_word' id='word_1_342' title='bbox 556 2816 706 2856; x_wconf 75' lang='lat' dir='ltr'>tamen</span> <span class='ocrx_word' id='word_1_343' title='bbox 735 2813 904 2859; x_wconf 81' lang='lat' dir='ltr'>medico</span> <span class='ocrx_word' id='word_1_344' title='bbox 942 2814 1039 2858; x_wconf 82' lang='lat' dir='ltr'>lath</span> <span class='ocrx_word' id='word_1_345' title='bbox 1038 2813 1188 2871; x_wconf 80' lang='lat' dir='ltr'>yridis</span> <span class='ocrx_word' id='word_1_346' title='bbox 1215 2813 1356 2858; x_wconf 77' lang='lat' dir='ltr'>radix</span> <span class='ocrx_word' id='word_1_347' title='bbox 1384 2826 1464 2858; x_wconf 84' lang='lat' dir='ltr'>sec.</span> <span class='ocrx_word' id='word_1_348' title='bbox 1497 2813 1810 2859; x_wconf 74' lang='lat' dir='ltr'>Dioscom&#39;dem</span> 
     </span>
    </p>
   </div>
   <div class='ocr_carea' id='block_1_6' title="bbox 124 2828 1904 2988">
    <p class='ocr_par' dir='ltr' id='par_1_8' title="bbox 124 2828 1904 2988">
     <span class='ocr_line' id='line_1_40' title="bbox 124 2828 1904 2971; baseline 0.002 -58"><span class='ocrx_word' id='word_1_349' title='bbox 124 2883 175 2936; x_wconf 90' lang='grc' dir='ltr'>Ρ.</span> <span class='ocrx_word' id='word_1_350' title='bbox 197 2871 338 2971; x_wconf 44' lang='lat'><em>6583:</em></span> <span class='ocrx_word' id='word_1_351' title='bbox 362 2869 614 2926; x_wconf 83' lang='lat' dir='ltr'>nysteridis</span> <span class='ocrx_word' id='word_1_352' title='bbox 645 2871 750 2927; x_wconf 84' lang='lat' dir='ltr'>(sic)</span> <span class='ocrx_word' id='word_1_353' title='bbox 774 2871 820 2915; x_wconf 89' lang='lat' dir='ltr'><em>B</em></span> <span class='ocrx_word' id='word_1_354' title='bbox 844 2828 1113 2929; x_wconf 81' lang='lat' dir='ltr'>(nycteridis</span> <span class='ocrx_word' id='word_1_355' title='bbox 1145 2871 1294 2930; x_wconf 79' lang='lat' dir='ltr'>Neu..)</span> <span class='ocrx_word' id='word_1_356' title='bbox 1447 2875 1500 2915; x_wconf 80' lang='lat'>17</span> <span class='ocrx_word' id='word_1_357' title='bbox 1512 2880 1525 2918; x_wconf 69' lang='grc' dir='ltr'>ί</span> <span class='ocrx_word' id='word_1_358' title='bbox 1533 2874 1581 2916; x_wconf 88' lang='grc'>61</span> <span class='ocrx_word' id='word_1_359' title='bbox 1611 2874 1810 2917; x_wconf 88' lang='lat' dir='ltr'>contusu</span> <span class='ocrx_word' id='word_1_360' title='bbox 1902 2879 1904 2881; x_wconf 79' lang='grc'><strong>’</strong></span> 
     </span>
     <span class='ocr_line' id='line_1_41' title="bbox 131 2927 1610 2988; baseline 0.001 -16"><span class='ocrx_word' id='word_1_361' title='bbox 131 2927 289 2972; x_wconf 87' lang='grc'>11111113</span> <span class='ocrx_word' id='word_1_362' title='bbox 310 2943 403 2972; x_wconf 93' lang='lat' dir='ltr'>u—</span> <span class='ocrx_word' id='word_1_363' title='bbox 417 2928 483 2973; x_wconf 86' lang='lat' dir='ltr'>sie</span> <span class='ocrx_word' id='word_1_364' title='bbox 514 2928 735 2974; x_wconf 84' lang='lat' dir='ltr'>odoratur</span> <span class='ocrx_word' id='word_1_365' title='bbox 765 2931 899 2988; x_wconf 74' lang='lat' dir='ltr'>(—t²)</span> <span class='ocrx_word' id='word_1_366' title='bbox 916 2932 981 2977; x_wconf 86' lang='lat' dir='ltr'>B:</span> <span class='ocrx_word' id='word_1_367' title='bbox 1011 2932 1119 2977; x_wconf 81' lang='lat' dir='ltr'>haec</span> <span class='ocrx_word' id='word_1_368' title='bbox 1149 2944 1231 2976; x_wconf 86' lang='lat' dir='ltr'>om.</span> <span class='ocrx_word' id='word_1_369' title='bbox 1264 2930 1381 2977; x_wconf 78' lang='lat' dir='ltr'>Neu.</span> <span class='ocrx_word' id='word_1_370' title='bbox 1607 2971 1610 2974; x_wconf 85' lang='lat'>.</span> 
     </span>
    </p>
   </div>
  </div>
 </body>
</html>
