1950 3172
191 158 263 212 22
715 159 1032 203 THEODORI
1059 156 1362 204 muscum
1383 205 1388 208 Α

188 299 399 348 mixtum
439 297 667 346 similiter
705 298 869 346 inicio,
949 297 1020 346 sic
1053 302 1103 345 et
1135 297 1214 346 ovi
1252 296 1420 347 albore
1453 312 1567 348 cum
1604 297 1730 349 lacte
1768 313 1877 350 mu·-

188 371 335 422 liebri
373 372 682 436 frequentius
721 376 847 419 utor.

338 447 382 494 si
418 459 557 501 vero*
575 445 723 493 etiam
762 442 902 491 dolor
939 444 1140 492 innatus
1179 444 1352 511 fuerit,
1393 444 1636 496 basilicon
1673 448 1725 496 in
1763 462 1878 496 nar-

188 520 304 569 dino
345 518 451 568 oleo
491 517 706 567 solutum
745 515 968 566 adhibeo
1048 523 1097 567 et
1136 524 1415 585 castoreum
1453 535 1567 570 cum
1605 520 1731 571 lacte
1768 536 1877 571 mu-

143 603 164 637 5
188 592 334 642 liebri
389 590 617 641 similiter
670 589 791 640 utile
842 595 932 640 est.
1016 592 1208 643 interea
1261 599 1427 643 autem
1481 596 1686 659 spongia
1739 594 1878 644 molli
1940 595 1950 659 [3

187 672 451 731 vaporetur
490 680 550 713 ex
589 666 731 728 aquis
772 663 1067 733 chalasticis,
1107 672 1156 716 et
1193 673 1307 732 post
1344 667 1455 717 lana
1494 668 1822 734 detergeatur.

336 753 452 788 sane
493 740 536 787 si
576 753 690 787 cum
729 737 811 788 illa
851 739 1187 804 indignatione
1228 740 1414 791 doloris
1455 743 1605 792 etiam
1637 743 1875 792 derivatio
1943 763 1947 766 ·

187 814 335 872 fuerit
381 813 597 877 saniosa,
649 811 845 862 alumen
891 813 1035 863 melle
1083 820 1133 864 et
1179 814 1287 864 oleo
1334 816 1607 866 resolutum
1653 817 1876 883 infund0,

187 893 236 936 et
274 886 535 952 galbanum
574 887 627 934 in
667 885 774 935 oleo
815 887 1058 938 similiter.

121 972 163 1004 10
333 961 602 1009 ventositas
655 975 772 1009 vero
827 963 870 1010 si
923 961 1261 1013 intercluserit
1315 979 1484 1031 aures,
1538 966 1777 1014 afronitro
1824 966 1877 1014 in

185 1040 322 1084 aceto
354 1034 572 1083 resoluto
605 1034 896 1085 excluditur.
958 1036 1052 1086 hoc
1084 1042 1133 1086 et
1166 1037 1458 1088 draconteae
1498 1039 1681 1088 herbae
1723 1055 1873 1089 sucus

187 1115 234 1158 et
273 1110 553 1159 centauriae
596 1108 726 1158 facit.

97 1181 168 1233 20
334 1184 376 1232 si
415 1198 590 1232 sonare
631 1198 775 1232 aures
815 1186 1084 1251 coeperint,
1124 1185 1393 1251 oxyrodino
1426 1186 1593 1251 tepido
1628 1186 1873 1254 curandae

185 1262 343 1313 erunt.
422 1259 465 1305 si
511 1262 676 1306 autem
721 1256 880 1307 isdem
920 1273 980 1308 ex
1024 1260 1330 1324 aegritudine
1372 1262 1562 1310 sonitus
1604 1259 1876 1328 obvenerit,

118 1342 160 1376 15
185 1346 244 1380 ex
283 1346 407 1395 aqua
445 1332 608 1395 primo
647 1331 905 1396 vaporabis
946 1348 1091 1382 aures
1132 1335 1185 1382 in
1226 1349 1320 1398 qua
1361 1334 1665 1384 absinthium
1712 1336 1875 1400 ponti-

185 1421 296 1454 cum
337 1420 542 1470 coqueS,
590 1411 638 1454 et
677 1407 909 1456 continuo
950 1405 1276 1472 oxyrodinum
1323 1409 1577 1475 infundeS,
1624 1414 1706 1458 aut
1751 1409 1875 1458 rafa-

304 1551 325 1590 1
361 1546 503 1591 inicio
537 1547 617 1591 bB
650 1546 767 1605 (Or.)
798 1547 973 1606 incipio
1005 1551 1069 1606 r):
1102 1549 1304 1595 immitto
1339 1551 1435 1597 Gel.
1596 1550 1662 1594 sic
1695 1552 1742 1594 et
1777 1551 1872 1597 Gel.

184 1606 319 1663 (Or.):
354 1608 402 1651 et
431 1607 509 1650 rB
540 1607 639 1663 (om.
674 1608 729 1664 b).
920 1608 1130 1653 alborem
1161 1611 1262 1667 (sic)
1294 1611 1387 1666 Br,
1420 1609 1642 1655 albumen
1677 1610 1752 1655 Or.

183 1671 208 1709 2
240 1665 529 1722 frequentius
561 1667 667 1710 utor
697 1667 756 1712 rb
776 1667 895 1713 (zeh
927 1682 1011 1713 om.
1043 1670 1103 1713 B.
1301 1674 1328 1713 3
1360 1669 1402 1713 si
1431 1683 1541 1714 vero
1573 1671 1653 1714 br:
1687 1669 1728 1713 si
1758 1682 1869 1714 vero

184 1725 327 1768 etiam
363 1726 474 1781 Gel„
507 1726 555 1769 et
587 1725 628 1768 si
658 1726 716 1770 Β.
912 1726 1240 1774 basilicon...
1268 1728 1470 1773 adhibeo
1503 1730 1548 1773 Β
1578 1728 1675 1786 (Or.
1708 1729 1767 1783 cf.
1800 1743 1867 1787 qr.

183 1785 287 1830 Gal.
314 1799 363 1841 p.
390 1788 479 1829 331
504 1783 678 1842 νάρδος
708 1784 823 1840 μετὰ
847 1786 1087 1844 βασιλικοῦ
1119 1787 1412 1845 φαρμάκου);
1445 1788 1600 1833 oleum
1622 1787 1872 1832 nardinum

180 1843 332 1887 solum
363 1842 564 1888 adhibeo
598 1846 657 1889 br
687 1843 756 1901 (111
784 1845 984 1890 nardino
1017 1845 1119 1891 oleo
1153 1847 1250 1891 solo
1284 1861 1391 1891 eum
1422 1847 1657 1892 adhibebo
1693 1847 1823 1903 Get).

181 1906 210 1945 4
241 1904 288 1946 et
319 1904 439 1958 (ante
471 1905 603 1960 cast.)
635 1905 741 1948 add.
767 1904 813 1947 Β
843 1904 982 1962 (Or.):
1016 1920 1100 1950 om.
1124 1908 1183 1951 rb
1211 1907 1306 1952 Gel.
1408 1911 1434 1950 5
1460 1906 1678 1950 similiter
1700 1920 1782 1951 om.
1809 1907 1868 1951 rb

182 1961 308 2017 (Or).
431 1964 484 2005 ut
507 1964 552 2006 Β
585 1963 761 2019 (autem
789 1963 922 2021 Gel.):
956 1978 1039 2010 om.
1064 1965 1247 2022 rb(Or).
1372 1971 1398 2010 6
1429 1967 1682 2023 vaporetur
1712 1978 1769 2009 ex
1794 1978 1866 2021 aq.

183 2020 405 2063 calisticis
431 2023 476 2065 Β
502 2023 742 2079 (vaporem
773 2035 830 2066 ex
861 2023 996 2079 aquis
1029 2024 1265 2068 calasticis
1297 2024 1416 2068 facis
1445 2026 1561 2082 Or.):
1602 2024 1761 2068 calore*
1787 2038 1868 2068 va-

181 2093 315 2136 pores
341 2082 493 2136 (—ras
517 2084 557 2138 r)
590 2095 725 2126 aures
756 2083 815 2126 rb
843 2083 969 2139 (latet
1006 2083 1176 2128 lacuna
1208 2085 1335 2141 apud
1361 2085 1456 2129 Gel.
1490 2084 1571 2128 ubi
1600 2085 1667 2128 sic
1689 2082 1872 2127 interea

183 2139 341 2182 autem
372 2140 570 2197 spongia
600 2139 756 2185 mollis
780 2155 976 2197 vapores
1010 2156 1160 2198 aquae
1191 2143 1380 2188 habeat.
1444 2141 1669 2187 Similiter
1693 2143 1741 2186 et
1763 2143 1873 2199 post

182 2197 334 2241 lutum
372 2198 588 2245 infundo:
622 2202 671 2244 et
704 2200 963 2258 galbanum
985 2200 1035 2245 in
1059 2201 1162 2246 oleo
1188 2201 1417 2247 similiter.
1465 2202 1645 2246 Ventus
1676 2203 1873 2258 vero...)

183 2256 453 2315 detergatur
483 2260 528 2302 Β
561 2259 698 2316 (Or.):
733 2259 946 2317 deterges
979 2262 1004 2305 b
1037 2260 1152 2314 (—-is
1184 2263 1238 2318 r).
1372 2265 1396 2304 7
1430 2260 1573 2305 etiam
1606 2262 1672 2305 B:
1706 2274 1777 2305 om
1801 2261 1875 2306 br.

182 2319 209 2358 8
241 2316 429 2360 saniosa
459 2319 504 2361 Β
538 2319 674 2375 (Or.):
708 2318 943 2363 sanierum
975 2319 1143 2376 (—ieF)
1177 2322 1217 2376 b,
1258 2319 1408 2364 saniei
1437 2335 1476 2365 r.
1629 2325 1656 2364 8
1688 2319 1875 2363 alumen

278 2375 473 2421 infundo
506 2379 552 2421 Β
561 2397 571 2423 :
613 2377 802 2422 alumen
840 2378 934 2422 mel
974 2380 1021 2423 et
1052 2379 1207 2423 oleum
1244 2379 1502 2424 resolutum
1539 2378 1747 2422 infundis
1785 2378 1875 2434 Or,

182 2433 369 2478 alumen
407 2436 500 2480 mel
539 2438 585 2481 et
617 2436 772 2482 oleum
803 2435 971 2494 (melle'
989 2451 1046 2482 ex
1078 2437 1180 2483 oleo
1211 2440 1254 2496 r)
1287 2438 1483 2484 infundo
1516 2439 1575 2483 br
1606 2440 1635 2495 (.
1665 2475 1673 2483 .
1701 2437 1873 2496 .<so->

181 2492 333 2537 lutum
363 2494 557 2540 infundo
584 2496 714 2553 Get).
839 2501 864 2540 9
891 2496 1110 2542 similiter
1139 2498 1272 2543 rGel.
1298 2498 1384 2556 (Or
1399 2501 1437 2555 ):
1467 2497 1634 2542 tritum
1657 2495 1876 2540 similiter

183 2553 224 2606 b,
258 2552 474 2598 similiter
503 2556 759 2600 resolutum
790 2554 926 2600 initio
958 2557 1015 2601 Β.
1112 2561 1167 2600 10
1198 2559 1322 2602 vent.
1356 2571 1466 2601 vero
1499 2556 1540 2600 si
1562 2557 1609 2600 B
1627 2555 1874 2612 Gel.(Or».):

184 2609 224 2652 si
254 2613 377 2655 vent.
410 2615 483 2657 rb.
607 2628 742 2658 aures
775 2615 836 2659 br
867 2617 1040 2671 (-rem
1072 2617 1208 2673 (Or.):
1242 2631 1326 2662 om.
1359 2617 1406 2660 B
1425 2617 1525 2662 θεῖ.
1647 2614 1873 2659 afronitro

183 2666 212 2732 i
248 2682 287 2712 a.
319 2670 432 2714 trito
466 2685 502 2716 e.
537 2674 619 2728 br,
653 2673 892 2717 afronitris
924 2674 952 2719 i.
989 2689 1028 2720 a.
1062 2675 1280 2720 resolutis
1314 2689 1351 2720 e.
1384 2676 1430 2720 Β
1451 2675 1546 2721 G-ez.
1581 2672 1877 2731 (afronitrum

183 2739 213 2769 1.
248 2739 287 2770 a.
323 2741 427 2771 eum
457 2730 596 2775 melle
628 2732 811 2776 modico
843 2733 1101 2778 resolutum
1130 2734 1264 2779 lavas
1301 2734 1408 2792 Or).
1657 2737 1712 2777 13
1745 2731 1786 2775 si
1815 2733 1876 2777 rb
1942 2779 1945 2781 Α

187 2784 283 2829 Gel.
303 2786 439 2842 (Or.):
472 2788 513 2831 si
543 2803 652 2834 vero
685 2792 743 2835 Β.
875 2792 1158 2838 oxiorodono
1192 2795 1314 2851 (item
1343 2795 1421 2850 16)
1454 2793 1514 2838 B.
1639 2791 1875 2836 curandae

186 2844 335 2899 —(16)
368 2847 675 2900 oxyrodinum
707 2864 789 2895 om.
825 2852 850 2895 b
883 2854 992 2908 (non
1022 2855 1075 2909 r).
1293 2856 1350 2897 14
1381 2853 1541 2897 autem
1569 2850 1721 2895 isdem
1753 2850 1875 2896 Get:

183 2901 383 2946 eundem
416 2916 517 2948 esse
549 2906 608 2962 Β,
642 2921 723 2952 om.
756 2923 782 2953 r
813 2909 940 2967 (Or).
1125 2915 1180 2956 16
1220 2911 1463 2957 oxirodino
1495 2909 1879 2970 (tepidoitemm

176 2962 290 3005 add.
324 2963 364 3017 r)
397 2963 511 3007 Bbr
537 2964 633 3010 θεῖ.
668 2967 819 3022 (Or.):
865 2970 943 3013 sed
987 2971 1040 3014 in
1083 2984 1197 3028 seqq.
1247 2985 1409 3015 sucum
1442 3007 1451 3016 .
1480 3007 1488 3016 .
1524 3007 1532 3015 .
1565 2968 1757 3026 pulvere
1790 3004 1802 3014 .
1827 3003 1841 3014 .
1864 3003 1878 3013 .
