1950 3172
466 94 623 137 EUPO
630 93 846 137 RISTON
874 91 1301 137 PAENOMmNON.
1661 91 1732 143 59

54 231 151 283 dus
181 237 258 282 est
287 231 462 297 pulviS,
494 230 722 280 similiter
749 229 1091 279 adhibendum.
1147 229 1292 278 aliud.
1340 229 1545 294 sulphur
1569 230 1732 278 vivum

54 312 170 356 cum
207 310 344 354 aceto
384 310 433 354 et
470 306 580 369 pice
620 305 883 353 commisce
923 308 972 353 et
1009 308 1161 352 utere.

205 380 247 427 si
282 378 450 443 plures
481 380 676 427 innatae
708 378 905 443 fuerint,
944 382 1081 426 aceto
1113 376 1278 441 tepido
1310 378 1471 441 primo
1504 376 1734 442 fomenta,

56 457 227 518 postea
263 454 394 501 nitro
435 467 546 500 cum
584 466 708 516 aqua
748 450 918 499 soluto,

206 526 249 573 si
286 530 450 574 autem
488 524 620 589 longi
658 525 895 588 temporis
934 523 1118 572 fuerint
1156 528 1239 572 aut
1273 529 1506 589 agresteS‚
1545 523 1734 588 plumbi
1750 519 1821 574 58

57 613 292 664 rasuram,
332 598 536 662 sulphur
572 600 750 664 vivum,
790 597 956 661 gluten
993 599 1244 646 taurinum
1283 598 1334 645 in
1374 603 1511 646 aceto
1547 597 1734 646 viscido

57 677 250 720 coctum
281 677 329 719 et
361 670 573 720 solutum
603 685 893 734 unguamus,
964 669 1108 719 aliud.
1172 670 1263 718 lilii
1294 672 1501 734 agrestis
1535 670 1735 720 lacrima

54 743 160 792 loca
205 759 473 808 perungue.
558 750 640 792 aut
686 743 867 807 lapathi
920 743 1101 792 radicis
1149 745 1384 793 corticem
1431 759 1544 793 cum
1596 750 1734 793 aceto

55 818 354 866 conterimus
409 823 458 866 et
511 816 802 881 cataplasma
856 816 1158 866 adhibemus,
1237 822 1348 866 ante
1401 822 1566 866 tamen
1616 820 1736 866 nitri

53 889 252 954 pulvere
291 889 396 939 loca
435 889 698 939 defricabO.
769 889 912 939 aliud.
975 889 1158 939 malvae
1199 892 1408 954 agrestis
1454 906 1624 940 semen
1656 893 1729 940 in-

55 968 299 1012 maturum
340 963 540 1027 colliges
580 968 628 1012 et
667 978 726 1011 ex
764 963 857 1012 hoc
898 978 1070 1012 sucum
1109 962 1291 1012 elicies.
1357 979 1453 1028 quo
1487 979 1599 1013 cum
1638 965 1734 1013 fre-

0 1037 2 1066 *
53 1042 261 1101 quenter
298 1036 511 1102 linieris,
557 1042 606 1085 et
645 1038 869 1101 antiquas
910 1042 959 1085 et
1002 1042 1220 1100 agrestes
1268 1038 1582 1101 impetigines
1621 1053 1734 1102 per-

51 1109 262 1158 curabis,

199 1183 350 1248 aliqui
389 1199 447 1232 ex
487 1183 694 1232 diversis
743 1199 890 1247 supra
938 1185 1137 1248 scriptis
1185 1183 1446 1249 speciebus
1494 1187 1734 1234 trociscos

4 1435 5 1438 Ἴ
173 1387 196 1425 1
232 1383 448 1427 similiter
479 1385 544 1440 (et
576 1383 676 1427 sim.
714 1383 831 1439 θεῖ.)
864 1383 1203 1428 adhibendum:
1237 1386 1284 1427 et
1315 1386 1406 1439 (est
1437 1385 1500 1441 B)
1534 1399 1568 1430 s,
1603 1385 1735 1428 adhi-

0 1443 7 1490 ,ᾗ
55 1440 234 1485 bendus
264 1443 342 1486 rB
375 1444 473 1498 (om.
509 1444 562 1498 b).
732 1441 861 1485 aliud
892 1443 938 1485 B
957 1442 1075 1487 Gel.:
1110 1441 1175 1485 sic
1208 1444 1247 1499 b,
1280 1457 1363 1487 om.
1396 1458 1433 1487 r.
1588 1443 1736 1487 sulfur

1781 609 1801 640 6

1759 901 1800 933 10

51 1499 210 1543 vivum
241 1500 370 1556 glute
400 1500 637 1543 taurinum
668 1502 750 1557 (sic
781 1502 959 1556 iterum)
992 1514 1097 1544 cum
1129 1515 1196 1545 ac.
1228 1516 1265 1545 r.
1430 1506 1455 1544 2
1489 1502 1736 1547 commisce
1830 1527 1832 1529 ·

0 1550 5 1606 ζ’
53 1559 102 1601 et
131 1561 260 1602 utere
292 1559 372 1602 rB
393 1558 509 1603 Get:
544 1558 844 1602 commixtum
876 1560 913 1602 b.
1051 1564 1077 1601 3
1111 1558 1151 1601 si
1182 1559 1245 1615 pl.
1279 1559 1308 1604 i.
1342 1559 1371 1603 f.
1411 1559 1530 1616 Gel.‚
1564 1561 1736 1617 Inpeti-

0 1619 2 1675 ἶ
53 1616 185 1673 gines
216 1616 371 1672 plures
398 1616 437 1659 si
461 1616 554 1661 inn.
581 1616 612 1662 f.
639 1619 685 1661 b:
719 1618 766 1660 et
791 1616 831 1659 si
853 1616 916 1673 pl.
942 1616 970 1661 i.
998 1616 1027 1661 f.
1047 1632 1085 1670 r,
1118 1616 1158 1660 si
1181 1617 1338 1675 plures
1370 1618 1532 1677 iuuat}
1566 1621 1661 1663 sint
1678 1620 1736 1664 B.

54 1673 204 1731 primo
236 1675 315 1719 ΥΒ
334 1676 452 1720 Get:
484 1674 612 1731 prius
645 1677 682 1720 b.
830 1675 1110 1719 fomentabis
1142 1691 1179 1720 r.
1330 1682 1358 1720 4
1390 1677 1542 1721 soluto
1574 1693 1599 1722 r
1619 1678 1737 1723 Gela

55 1732 304 1790 (niti-11...)
335 1733 542 1777 resoluta
573 1733 828 1790 (adhibeto)
861 1735 900 1789 b,
933 1733 1126 1778 colluito
1159 1736 1217 1780 B.
1274 1741 1379 1792 post
1410 1735 1561 1780 soluto
1593 1738 1651 1781 al.
1677 1752 1732 1781 m.

54 1808 107 1851 i‘n
151 1822 176 1851 r
210 1808 441 1851 rubricam
494 1808 625 1850 habet
676 1808 812 1851 hane:
866 1808 983 1851 Item
1032 1808 1088 1851 de
1134 1808 1227 1851 sius
1254 1811 1360 1865 (pro
1392 1800 1452 1866 ff)
1482 1809 1737 1854 linimentis

60 1887 111 1902 =
135 1866 252 1909 Item
283 1866 341 1909 de
374 1864 652 1922 supradietis
692 1864 948 1910 linimentis
972 1867 1018 1910 B
1039 1867 1156 1922 Gel.‚
1189 1882 1301 1924 qaae
1333 1883 1388 1913 ex
1419 1883 1560 1927 marq.
1594 1871 1736 1926 irrep-

54 1930 210 1969 serant
239 1925 338 1979 (om.
373 1925 427 1979 b).
623 1927 649 1967 5
675 1928 734 1968 au
765 1939 808 1969 r:
842 1927 924 1968 aut
956 1927 980 1969 b
1001 1925 1165 1971 GeLB.
1346 1927 1487 1971 fuerit
1518 1929 1598 1972 rB
1618 1928 1736 1973 Gel.:

61 1982 211 2025 —rint
251 1984 288 2026 b.
412 1984 637 2039 agrestesz
671 1982 868 2040 agrestis
901 1986 997 2040 (sie)
1028 1986 1087 2029 rb
1108 1986 1258 2029 Gel.B
1286 1984 1492 2043 (ἀγρίους
1523 1990 1738 2043 λειχῆνας

60 2041 164 2086 Gal.
193 2041 333 2096 XIV,
355 2044 444 2086 578
474 2053 572 2097 cup.
598 2042 706 2096 III,
737 2041 891 2098 agrias
923 2042 1016 2099 inp.
1044 2043 1189 2088 Marc.
1218 2059 1267 2100 p.
1293 2049 1405 2100 182,
1436 2048 1493 2100 1).
1588 2050 1613 2088 6
1631 2047 1738 2091 haec

61 2113 159 2143 cam
203 2101 455 2143 semunciae
500 2102 628 2157 siyno
675 2101 756 2145 dat
795 2102 832 2145 b.
1017 2105 1041 2145 7
1086 2116 1346 2159 ung-namus
1394 2105 1548 2149 rGel.:
1604 2104 1737 2148 inun-

57 2170 251 2213 guamus
284 2159 328 2200 B
361 2159 632 2214 (ungeamus
666 2160 722 2214 b).
931 2159 1021 2203 lilii
1054 2161 1251 2217 agrestis
1284 2162 1478 2206 lacrima
1510 2165 1661 2219 (-mo
1696 2166 1737 2219 b)

56 2228 294 2272 perunguo
327 2217 488 2272 (-—ge0
521 2218 562 2272 b)
588 2219 611 2261 b
632 2217 748 2262 Get:
781 2216 881 2261 lilio
916 2219 1090 2276 agresti
1120 2219 1419 2264 lacrimarum
1442 2221 1547 2265 loca
1570 2236 1737 2279 perun-

57 2287 146 2330 gue
164 2274 222 2329 B,
247 2273 447 2330 (Alii.)lii
477 2275 674 2331 agrestis
706 2275 896 2320 lacrimo
928 2277 1032 2321 loca
1062 2291 1301 2336 perungue
1332 2296 1357 2324 r
1388 2283 1461 2337 (cf.
1500 2282 1624 2325 Ptin.
1659 2286 1738 2337 21,

62 2349 181 2403 127).
334 2352 359 2391 8
398 2349 480 2391 aut
512 2348 719 2394 baetis:
753 2349 836 2392 alii
868 2352 973 2406 (pro
999 2351 1058 2406 al,
1085 2352 1150 2395 ali
1177 2374 1230 2389 =
1257 2352 1402 2409 aliud.)
1427 2369 1462 2397 r.
1553 2354 1740 2410 lapathi

58 2411 137 2449 etc.
167 2420 206 2450 v.
238 2421 305 2463 qr.
331 2421 380 2462 p.
406 2410 496 2450 353
527 2406 716 2464 (lapacii
746 2409 848 2464 Bb,
883 2409 995 2452 —tii
1025 2413 1078 2466 r).
1257 2415 1282 2453 9
1316 2414 1363 2455 et
1394 2412 1739 2469 cataplasmata

60 2464 171 2519 G-el„
205 2466 252 2508 et
282 2464 574 2521 cataplasma
603 2467 704 2511 rB:
739 2468 785 2510 et
814 2482 844 2525 p
877 2468 1219 2527 cataplasmate
1252 2471 1289 2514 b.
1413 2475 1468 2514 10
1502 2470 1739 2515 defricabo

12 2526 15 2527 ’
59 2522 105 2565 Β
124 2523 244 2568 Get:
276 2522 454 2567 fricabo
489 2525 527 2580 b,
561 2524 838 2568 defricamus
869 2541 907 2571 r.
1069 2527 1199 2571 aliud
1231 2529 1309 2572 rB
1329 2529 1445 2574 Gel.:
1478 2544 1589 2573 nam
1620 2531 1667 2573 et
1700 2532 1737 2575 b.

58 2580 212 2637 malve
260 2582 458 2639 agrestis
505 2584 583 2627 ΥΒ
629 2583 859 2640 (μαλάχης
913 2585 1078 2641 ἀγρίας
1129 2588 1229 2631 Gal.
1264 2588 1395 2643 XII,
1442 2590 1570 2646 831):
1625 2588 1740 2633 mali

58 2639 258 2696 agrestis
293 2642 402 2697 (ἔοι,
434 2640 548 2684 mali
580 2642 767 2699 granati
798 2645 836 2687 b.
1033 2649 1085 2687 11
1121 2644 1278 2688 elicies
1311 2647 1356 2689 B
1377 2646 1494 2692 θεὶς
1527 2647 1665 2692 eicies
1699 2650 1737 2704 b,

61 2697 236 2743 adicies
267 2714 304 2743 r.
399 2704 451 2743 12
486 2699 702 2756 antiquas
734 2702 793 2745 rb
815 2701 930 2747 Θαὶς
965 2702 1224 2758 antiquitas
1257 2706 1353 2761 (sic)
1378 2707 1435 2750 B.
1530 2708 1738 2764 agrestes

59 2758 234 2815 (agstes
265 2760 305 2814 r)
337 2759 415 2802 rB
435 2759 549 2803 θοις
582 2758 780 2804 maiores
813 2761 850 2805 b.
942 2761 1193 2819 Ipetigines
1225 2777 1295 2808 om
1318 2764 1375 2809 B.
1467 2766 1738 2822 percurabis

58 2816 157 2861 rB:
190 2830 322 2860 curas
356 2818 393 2873 b,
427 2817 611 2861 curabis
647 2818 741 2863 θεῖ.
900 2823 955 2862 14
985 2820 1180 2865 diversis
1212 2837 1351 2879 supra
1383 2823 1569 2881 scriptis
1601 2827 1665 2881 (ss
1697 2826 1738 2881 b)

59 2874 161 2920 bB:
194 2874 389 2920 diversis
421 2891 459 2933 r,
492 2876 819 2921 diversissimis
847 2878 941 2923 [θεῖ.
