1988 3184
153 67 159 82 ᾗ
193 105 302 159 468
713 72 717 76 ’
868 104 1216 148 πΝΒῙοῑΑΝΙ
1305 144 1307 146 ,

194 237 377 283 fistulas
423 237 530 295 plus
576 236 796 280 habendo
843 235 967 281 unde
1011 235 1282 281 intellectus
1320 235 1460 280 nobis
1508 235 1717 293 advenit,
1763 235 1892 282 visus

195 304 386 349 auditus
420 304 644 348 odoratus
677 304 726 347 et
755 304 935 360 gustus,
968 304 1073 346 tota
1104 302 1231 347 enim
1260 316 1380 360 pene
1411 317 1564 347 vacua
1596 304 1719 360 sunt,
1751 316 1892 348 vacu-
1946 328 1952 335 .

194 373 346 416 etates
387 370 577 414 cerebro
624 368 886 426 replentur,
938 369 1067 425 quod
1111 369 1378 426 protegitur
1425 369 1713 415 membrano.
1761 369 1893 415 cuius

194 436 456 481 membrani
486 435 669 480 radices
695 450 753 481 ex
776 435 925 493 ipsius
957 436 1139 482 cerebri
1163 450 1329 493 corpus
1354 436 1617 494 incipiunt..
1651 437 1894 482 cerebrum

147 514 169 547 5
195 507 355 549 autem
386 518 568 561 semper
601 503 675 548 sui
705 517 1002 548 commovens
1036 517 1236 559 sensum,
1268 503 1470 560 ideoque
1504 503 1645 548 salire
1675 518 1771 548 non
1795 517 1892 548 ces-

195 573 280 615 sat.
323 570 455 615 cuius
494 573 650 615 motus
692 570 732 614 si
771 570 977 615 crebrior
1014 570 1172 627 fuerit,
1219 570 1456 615 insaniam
1504 570 1624 615 solet
1670 570 1890 615 excitare.

194 639 318 682 unde
352 637 549 682 dicimus
583 651 662 682 eos
695 638 938 682 cerebrum
967 637 1143 682 habere
1175 639 1367 682 motum.

786 756 887 800 IHI.
931 756 1009 800 De
1042 755 1293 812 capillis.

312 830 486 887 Capilli
530 830 681 874 nostri
727 844 822 874 non
874 830 1026 874 solum
1070 832 1263 887 propter
1317 831 1554 886 ornatum,
1612 829 1695 874 sed
1749 828 1895 874 etiam
1949 846 1983 892 ς

126 906 169 938 10
194 899 386 954 propter
416 896 728 941 munitionem
759 896 940 940 cerebri
969 896 1087 940 facti
1120 899 1241 942 sunt.
1274 896 1385 940 huic
1414 895 1622 940 calvarie
1648 836 1926 949 subiacent}
1950 910 1982 941 ,ω

193 966 420 1020 tempora.
455 977 545 1019 que
579 963 880 1007 continentur
911 962 1205 1020 spiritalibus
1238 963 1370 1008 venis
1404 962 1595 1008 cerebri.
1631 963 1796 1006 dextra
1826 962 1925 1078 le-}
1949 974 1981 1019 51

194 1044 347 1085 vaque
380 1043 562 1086 semper
591 1032 851 1074 moventur.
883 1029 1052 1085 hisque
1086 1029 1383 1087 superposita
1415 1031 1525 1073 sunt
1555 1029 1680 1074 cilia.
1950 1036 1981 1067 Ρ

842 1148 895 1192 V.
930 1148 1010 1192 De
1044 1147 1244 1192 oculis.

312 1221 517 1264 Rursum
558 1235 614 1265 ex
653 1222 818 1266 eodem
857 1222 1038 1266 cerebri
1076 1223 1349 1266 membrano
1398 1221 1530 1266 velut
1575 1221 1731 1266 fistule
1774 1222 1894 1266 duae

128 1295 170 1328 15
195 1287 475 1331 transversis
501 1287 719 1344 partibus
745 1288 1106 1332 commiscentur
1130 1288 1192 1331 ad
1220 1288 1380 1332 sedem
1402 1287 1646 1344 luminum,
1679 1287 1762 1331 ubi
1787 1301 1894 1331 con-

194 1354 454 1410 iunguntur
496 1353 621 1397 oculi
661 1354 742 1410 qui
782 1354 1082 1399 continentur
1122 1369 1228 1398 cum
1268 1355 1419 1399 domo.
1470 1368 1527 1398 ex
1564 1368 1676 1399 vase
1716 1354 1896 1399 cerebri

193 1421 283 1464 hoe
315 1422 425 1464 sunt
463 1420 642 1464 ventris
676 1421 870 1465 cerbelli
903 1422 994 1465 duo
1023 1420 1253 1465 foramina
1285 1420 1512 1477 01111111111,
1552 1434 1637 1477 per
1660 1435 1777 1476 quas
1803 1420 1895 1464 sin-

195 1487 304 1543 gule
336 1486 520 1531 radices
554 1487 829 1532 tenuissime
860 1502 980 1544 pene
1014 1489 1071 1533 de
1095 1491 1231 1545 parte
1257 1488 1422 1532 dextra
1454 1487 1505 1531 in
1537 1487 1729 1531 sinistra
1761 1489 1808 1531 et
1838 1488 1894 1531 de

1951 1435 1984 1471 4

1940 1490 1985 1522 ‘5³¹

196 1553 387 1598 sinistra
419 1554 470 1597 in
505 1555 670 1598 dextra
702 1554 838 1598 bulbi
871 1555 1113 1599 oculorum
1137 1554 1449 1599 continentur.
1483 1568 1681 1610 quorum
1711 1553 1894 1598 radices

127 1626 170 1659 20
194 1620 245 1663 in
284 1621 474 1665 cerebro
525 1621 845 1678 configantur,
894 1624 947 1666 ut
988 1622 1029 1665 si
1069 1623 1257 1666 cereber
1301 1623 1500 1666 vexatur
1539 1620 1664 1664 oculi
1709 1623 1893 1677 egrota-

192 1689 324 1733 bunt.
358 1688 538 1731 habent
561 1690 721 1733 autem
750 1688 802 1732 in
834 1703 938 1733 osso
963 1689 1066 1745 ipso
1092 1703 1297 1733 concavo
1329 1687 1413 1732 ubi
1443 1689 1684 1745 ponuntur
1713 1687 1894 1732 fistolas

193 1756 288 1798 tres
327 1756 584 1811 pegerante
625 1757 673 1807 et
710 1755 1036 1812 rizoptalmon.
1086 1759 1195 1800 sunt
1235 1758 1395 1800 autem
1433 1754 1484 1798 in
1516 1754 1663 1799 oculis
1694 1768 1891 1811 mappas

194 1821 271 1865 vel
302 1821 485 1865 tonicas
526 1823 748 1878 quatuor,
790 1823 917 1878 quod
947 1822 1076 1879 greci
1109 1822 1323 1867 chitonas
1363 1823 1549 1866 vocant.
1590 1820 1742 1878 prima
1774 1821 1891 1864 cira-

194 1885 339 1929 toidis
373 1888 420 1930 et
453 1887 767 1932 cristalloides
802 1891 850 1933 et
880 1889 1127 1946 mercides,
1162 1889 1367 1933 secunda
1399 1887 1703 1945 aragnoides‚
1747 1887 1891 1931 tertia

128 1957 171 1990 25
194 1951 409 1996 haloides
441 1953 518 1997 vel
549 1953 779 2011 fagoides,
813 1958 984 2011 quarta
1007 1956 1261 2000 metroides
1286 1955 1363 1999 vel
1387 1954 1620 2011 trizepieS.
1653 1954 1705 1997 hi
1727 1952 1889 1997 multis

1949 1835 1981 1870 <2

1948 1890 1981 1921 ,0¹

314 2097 339 2136 3
371 2093 634 2138 mimbrano
660 2096 713 2139 P.
837 2102 865 2140 4
896 2096 1149 2140 mimbrani
1174 2097 1225 2141 P.
1350 2101 1375 2139 5
1409 2095 1568 2139 sallire
1594 2095 1647 2139 P.
1742 2100 1767 2138 6
1793 2107 1890 2138 010-

193 2151 322 2196 brior
354 2153 415 2197 P:
450 2154 632 2210 crepior
671 2155 722 2211 U,
756 2155 937 2212 crepius
975 2156 1027 2200 G.
1197 2155 1308 2199 solit
1340 2156 1395 2200 P.
1563 2159 1588 2197 9
1624 2155 1793 2198 ornatu
1834 2154 1886 2210 U,

196 2213 329 2254 -1110
367 2213 419 2256 G.
547 2219 602 2257 10
634 2214 778 2258 huhic
819 2216 869 2259 U.
995 2219 1048 2258 11
1083 2230 1173 2274 que
1210 2215 1264 2259 G.
1389 2215 1699 2258 contenentur
1729 2213 1782 2257 P.

198 2275 250 2312 12
283 2270 357 2313 1110
391 2286 480 2326 que
523 2273 573 2317 U:
607 2273 685 2316 hic
717 2273 799 2328 qui
832 2274 886 2329 P,
919 2273 993 2317 his
1027 2274 1197 2330 quibus
1234 2274 1289 2318 G.
1396 2278 1452 2316 14
1482 2273 1659 2316 Rursus
1700 2272 1797 2317 UG.

194 2330 405 2373 membra
441 2331 494 2375 G.
647 2332 804 2392 fistule
842 2334 895 2377 G.
1051 2333 1167 2377 duce
1200 2334 1255 2389 P,
1290 2333 1380 2392 due
1421 2333 1518 2377 UG.
1692 2335 1747 2374 15
1779 2344 1888 2375 con-

193 2388 449 2432 miscentur
481 2391 533 2434 P.
660 2396 715 2434 16
748 2394 1058 2436 contenentur
1088 2393 1149 2437 P:
1189 2391 1536 2448 coniunguntur
1568 2394 1616 2436 01
1646 2389 1889 2435 continen-

193 2447 271 2489 tur
311 2448 416 2492 UG.
550 2464 656 2493 cum
687 2452 856 2508 (eam?)
889 2451 1026 2495 domo
1059 2451 1121 2497 P:
1156 2466 1261 2495 cum
1295 2452 1434 2495 dumo
1475 2450 1581 2496 UG.
1706 2454 1761 2492 17
1794 2449 1888 2492 sin-

194 2505 296 2560 guli
336 2506 442 2552 UG.
538 2513 593 2553 18
625 2510 908 2554 tenuisseme
941 2511 994 2554 P.
1119 2510 1319 2555 sinestra
1351 2510 1405 2555 P.
1507 2514 1563 2553 19
1597 2510 1806 2554 senestra
1831 2509 1885 2552 P.

286 2565 479 2610 dextera
510 2568 628 2624 (hic)
663 2569 716 2613 P.
842 2574 897 2612 19
931 2569 1065 2613 dulbi
1105 2570 1156 2615 U.
1280 2571 1590 2614 contenentur
1622 2569 1676 2614 P.
1773 2581 1887 2623 quo-

193 2637 297 2688 rum
336 2625 447 2669 UG:
482 2639 642 2670 eorum
673 2628 726 2671 P.
850 2633 906 2673 20
939 2629 1226 2686 colligantur
1252 2629 1306 2674 G.
1400 2634 1454 2672 22
1487 2627 1800 2684 rizoptalmon
1823 2627 1887 2671 P:

193 2682 481 2736 1zoptalmon
513 2686 564 2740 U,
597 2686 884 2742 iroptalmon
911 2687 964 2732 G.
1090 2687 1248 2732 oculos
1275 2689 1383 2733 PU.
1508 2691 1564 2730 23
1596 2688 1799 2742 quatuor
1822 2686 1885 2731 P:

194 2739 293 2782 IHI.
336 2742 440 2806 UG.
579 2744 794 2789 ehitonas
835 2747 885 2791 U.
1032 2746 1274 2791 ciratoidis
1315 2747 1428 2792 UG:
1463 2745 1676 2790 cistoidis
1709 2745 1764 2790 P.

196 2801 253 2839 24
285 2800 506 2844 cristallo.
540 2801 592 2844 id
623 2815 679 2850 νζ»
711 2804 779 2860 (id
811 2807 882 2848 est
922 2806 984 2862 U)
1018 2806 1056 2849 85
1085 2806 1317 2851 mercides
1351 2806 1468 2862 PU,
1509 2804 1797 2849 cristalloide
1838 2806 1886 2848 01

194 2856 447 2909 merorides
483 2859 538 2903 G.
632 2875 821 2917 arag-no.
855 2863 906 2906 id
938 2867 1010 2907 est
1041 2865 1097 2912 P.
1180 2864 1328 2909 tercia
1363 2865 1417 2909 G.
1513 2868 1569 2908 25
1601 2862 1800 2908 faloides
1828 2863 1883 2908 G.

195 2915 444 2959 mettoides
482 2917 535 2961 G.
658 2920 875 2977 trisepies
908 2922 1020 2968 >UG.
1494 2954 1497 2956 —
