1988 3184
242 121 353 178 462

301 257 392 313 (25)
423 256 533 300 sunt
563 255 723 299 autem
751 253 992 299 naturales
1015 252 1083 297 of·
1189 250 1446 310 [Quoniam
1466 251 1678 299 medicus
1701 252 1933 311 peritissi-
1952 255 1988 300 ³AE

239 314 346 359 ficio
363 328 470 358 cum
483 313 655 370 quibus
666 312 872 358 infantes
884 325 1083 357 nascun·
1128 325 1232 355 mus
1272 310 1415 355 debet
1453 323 1568 370 esse.
1602 313 1652 357 et
1690 312 1804 358 dum
1842 324 1931 360 nos
1966 305 1988 388 J

239 375 330 417 tur.
369 386 531 417 sensus
576 373 755 429 gustus
804 371 1096 432 et<s>a.por.v
1127 384 1224 415 non
1261 383 1476 415 errorem.
1521 370 1804 428 egritudinis
1853 386 1934 419 ca-

243 433 352 475 sunt
391 433 439 475 et
477 430 574 475 alia
612 430 681 491 ire
725 432 894 476 motus,
942 429 1081 474 intel·
1126 442 1238 487 pere
1294 428 1624 486 potuissemus.
1685 429 1933 478 festinavi-

237 490 400 535 lectuS.
441 491 489 534 et
525 489 660 534 risus.
700 489 795 534 ista
834 489 993 534 omnia
1033 490 1082 534 et
1126 503 1231 533 mus
1285 487 1432 532 urinae
1492 488 1792 535 diversitates
1847 490 1932 536 ad·

238 548 396 593 anim2,
435 550 484 593 et
530 547 736 605 corporis
783 548 931 593 totius
973 549 1082 592 sunt
1125 547 1428 604 prehendere.
1473 549 1522 592 et
1561 548 1681 594 scito
1718 563 1804 594 nos
1834 549 1930 595 uri-

238 606 474 652 adiutoria
518 607 672 664 prima
718 607 924 665 corporis
971 609 1081 652 sunt
1125 620 1238 651 nam
1283 620 1562 664 cognoscere
1606 607 1759 654 citius.
1815 608 1931 666 quia

237 665 415 710 auxilia
479 668 527 710 et
603 666 868 726 egestiones
943 680 1080 724 preu-
1126 666 1282 722 qualis
1306 665 1450 710 fuerit
1472 668 1656 713 ventus,
1688 667 1810 713 tales
1836 667 1928 713 sol-

236 725 283 782 (b
316 724 581 782 corr.)entia
619 725 846 781 quamdiu
885 726 1079 783 spiritus
1125 724 1283 770 licitat
1313 725 1544 771 humores.
1579 728 1628 771 et
1657 726 1779 772 tales
1810 726 1929 772 facit

234 783 284 828 in
315 797 399 828 suo
429 786 563 842 reget
594 798 798 842 corpore.
1126 783 1430 841 egritudines,
1465 798 1576 842 ergo
1607 785 1815 831 breviter
1845 800 1925 831 ex-

294 842 486 900 [Incipit
517 843 718 900 epistola
748 844 986 901 ypocratis
1021 845 1077 890 de
1123 844 1342 901 ponimus
1366 845 1582 902 tempora
1605 858 1766 889 eorum
1782 847 1926 902 atque

231 903 395 958 pectus
443 904 603 947 autem
647 902 847 947 nimium
886 917 1077 961 pregra-
1126 902 1471 948 dominationes
1518 903 1763 950 maximas,
1819 919 1927 949 san-

232 962 396 1005 vatum
421 996 429 1007 .
457 997 467 1007 .
495 998 504 1008 .
1123 962 1230 1020 guis
1263 962 1533 1007 dominatur
1563 976 1770 1009 vernum.
1801 964 1926 1009 cole-

1122 1021 1247 1066 ricus
1271 1023 1437 1066 estate.
1470 1021 1806 1068 melancolicus
1838 1037 1921 1068 an-

1121 1083 1349 1126 tumnum.
1382 1080 1554 1138 flegma
1584 1081 1766 1139 hyeme.
1804 1082 1924 1127 scito

1120 1140 1318 1185 urinam.
1347 1140 1662 1186 colamentum
1679 1141 1923 1199 sanguinis

1122 1213 1236 1244 esse.
1290 1200 1374 1244 sed
1413 1199 1526 1243 dum
1571 1200 1755 1245 venerit
1801 1200 1924 1259 egri-2

1119 1259 1237 1303 tudo
1261 1272 1363 1316 quae
1389 1272 1446 1303 ex
1470 1258 1568 1303 alia
1590 1260 1790 1305 materia
1813 1274 1921 1318 pro-

1121 1318 1259 1364 cedit.
1286 1333 1393 1362 cum
1407 1317 1494 1362 illa
1514 1318 1793 1364 conlimitat.
1815 1334 1923 1364 san-

1119 1377 1238 1435 guis,
1289 1378 1634 1422 sandaracodes
1673 1378 1790 1423 facit
1827 1379 1922 1423 uri-

1117 1450 1242 1483 nam.
1287 1436 1526 1482 colericUS.
1574 1438 1783 1483 rubeam.
1822 1452 1922 1483 me-

1118 1495 1389 1544 lancolicus.
1400 1496 1599 1553 nigram.
1610 1495 1793 1554 flegma.
1807 1497 1920 1543 alba

1118 1557 1261 1612 atque
1292 1555 1594 1614 pinguem.]*)

1116 1614 1382 1671 Explicit
1429 1614 1684 1671 epistola
1728 1615 1920 1660 vindi-

1119 1673 1286 1719 ciani.
1314 1688 1410 1719 scu
1435 1673 1726 1730 expositio
1750 1688 1919 1719 mem-

1395 1734 1634 1778 brorum.

1177 1792 1371 1851 [Incipit
1392 1791 1595 1850 epistola
1624 1793 1917 1850 yppogratis.

1118 1851 1175 1896 de
1207 1851 1546 1897 fleubothomia
1565 1888 1574 1897 .
1594 1888 1603 1897 .
1624 1890 1633 1897 .

580 1964 713 2022 HG)
1088 1942 1094 2028 Ι
1410 1970 1504 2013 HI
1514 1969 1605 2027 (D)

340 2111 377 2168 *)
417 2113 565 2158 eodem
594 2114 675 2159 hoc
707 2114 800 2159 loco
830 2116 990 2162 addito
1024 2115 1256 2170 Quoniam
1287 2116 1496 2162 medicus
1522 2153 1531 2163 .
1555 2152 1565 2163 .
1588 2118 1778 2174 finitur
1814 2120 1909 2165 cod.

222 2170 383 2236 iinqel.
412 2171 461 2217 V.
480 2176 522 2217 3.
543 2176 572 2217 9
604 2174 685 2230 qui
714 2175 904 2231 insuper
932 2176 1085 2221 habet.-
1124 2190 1322 2232 quorum
1350 2177 1625 2234 passionum
1656 2191 1789 2222 curas
1814 2178 1906 2222 sin·

222 2228 428 2286 g1llatim
459 2244 702 2288 exponam.
745 2234 802 2289 cf.
837 2234 912 2280 Ps.
948 2234 1043 2280 Sor.
1079 2250 1114 2281 c.
1141 2239 1201 2281 17
1231 2250 1374 2293 supra
1403 2238 1475 2282 cit.
1505 2251 1560 2293 p.
1586 2240 1688 2282 446.
