1988 3184
625 125 709 170 DE
741 123 1002 171 sumct
1031 125 1328 172 MEDICINA
1710 124 1821 182 405

141 255 291 314 ipsius
321 258 556 316 (eadem)
585 261 670 304 est.
705 258 905 315 denique
935 258 1118 303 radices
1156 258 1304 316 ipsius
1345 258 1385 303 si
1416 259 1521 315 quis
1561 259 1740 304 coxerit
1771 260 1820 304 et

2 368 4 371 ,
140 323 311 368 faciem
347 323 551 382 linierit,
594 325 846 383 lentigines
886 327 934 369 et
971 325 1143 370 livores
1183 324 1324 371 tollit.
1366 326 1672 383 amygdala
1709 339 1820 371 vero

4 388 23 446 ’Ἴ
57 410 59 412 ·
143 390 341 434 dulcia
370 390 564 435 minoris
595 391 785 436 virtutis
819 394 940 437 sunt.

3 450 6 481 ἶ
53 459 109 499 12
258 456 500 500 Anetum
529 456 754 501 virtutem
785 455 989 500 calidam
1018 452 1165 502 habet
1196 459 1245 501 et
1276 457 1529 502 sicciorem.
1564 460 1612 503 et
1645 458 1685 501 si
1716 458 1820 514 quis

139 521 262 565 hanc
294 522 471 566 coxerit
502 524 585 566 aut
614 521 842 567 infuderit
871 522 922 566 in
961 522 1064 567 oleo
1090 526 1138 568 et
1168 523 1368 580 unxerit,
1407 537 1591 568 umores
1621 523 1819 581 frigidos
1866 538 1887 571 5

140 589 189 631 et
221 588 386 632 crudos
418 591 627 632 maturat
658 590 800 644 atque
834 589 1074 646 dispergit.
1164 588 1180 602 ‘

53 657 107 697 13
258 654 610 698 Abrotonum
646 654 836 699 virtutis
876 654 1059 700 calidae
1098 658 1146 700 et
1186 655 1336 700 siccae
1369 657 1453 701 est.
1494 658 1542 700 et
1568 656 1820 701 lumbricos

141 718 334 776 occidit,
378 722 667 764 menstrua
695 724 988 777 provocat.
1029 721 1195 766 similis
1236 736 1420 778 quoque
1464 721 1702 767 absinthio
1736 725 1820 767 est·

138 784 228 828 hoc
259 798 444 842 quoque
476 785 626 831 solum
655 788 795 831 nocet
825 788 938 843 quia
970 788 1210 833 stomacho
1243 789 1532 833 adversatur.

52 854 109 895 14
256 851 561 908 Agaricum
597 851 787 896 virtutis
827 855 900 897 est
945 853 1131 899 mediae
1168 855 1536 912 temperationis.
1586 857 1658 899 est
1698 855 1822 899 enim
1847 868 1888 899 10

138 917 275 961 radix
306 920 354 962 et
383 917 594 979 nascitur
625 931 763 974 super
792 918 975 962 radices
1007 921 1055 962 et
1087 919 1319 977 dispergit
1348 923 1531 964 umores
1562 920 1638 964 vel
1663 919 1822 976 spissi-

139 983 353 1027 tudinem
383 983 776 1040 praecordiorum.
826 984 1026 1040 denique
1059 985 1121 1029 ad
1160 986 1422 1043 auriginem
1453 986 1569 1030 facit
1613 999 1733 1042 quae
1767 1000 1823 1030 ex

139 1049 487 1094 constrictione.

51 1119 109 1158 14
256 1115 446 1159 Alium
477 1102 696 1160 calefacit
720 1118 767 1161 et
792 1115 951 1173 siccat,
984 1117 1204 1162 urinam
1232 1089 1529 1176 proxocat,
1568 1120 1823 1162 ventrem

138 1180 330 1225 mollit
361 1184 416 1225 et
446 1181 657 1238 flegma
686 1182 932 1227 deducit.
1846 1196 1887 1229 15

51 1251 107 1292 16
256 1247 495 1291 Acorum
516 1248 706 1293 virtutis
731 1248 914 1293 calidae
940 1251 1024 1306 est,
1057 1253 1105 1294 et
1126 1253 1352 1307 provocat
1375 1250 1548 1305 urinaS,
1575 1252 1624 1293 et
1648 1249 1821 1305 splenis

141 1313 341 1357 duritias
381 1316 533 1371 curat,
583 1314 628 1357 si
675 1314 801 1370 quis
842 1315 1095 1372 scripula
1140 1316 1255 1360 tria
1294 1330 1414 1360 cum
1454 1316 1698 1372 oxymeli
1735 1315 1822 1359 bi-

139 1380 306 1425 berit.

52 1451 107 1490 17
140 1477 143 1480 ν
257 1445 595 1490 Andra‘chne
612 1445 801 1490 virtutis
819 1446 1020 1503 frigidae
1038 1450 1121 1492 est.
1149 1447 1348 1503 denique
1372 1447 1519 1492 facit
1543 1449 1612 1491 ad
1636 1448 1822 1504 ignem

67 1541 70 1543 -
141 1528 160 1556 s
172 1526 200 1556 a
210 1527 234 1556 c
243 1527 266 1556 r
275 1528 372 1558 um.
553 1534 556 1537 ·
1841 1525 1884 1558 20

54 1583 107 1624 18
258 1580 500 1623 Anesum
529 1578 754 1622 virtutem
777 1579 925 1623 habet
956 1579 1172 1635 calidam,
1205 1578 1364 1623 urinas
1388 1581 1613 1636 provocat
1641 1582 1688 1623 et
1711 1593 1821 1623 ven-

139 1645 383 1690 tositatem
414 1647 559 1689 curat.

55 1716 110 1755 19
260 1712 395 1756 Asfo
408 1711 569 1755 delus
611 1710 835 1755 virtutem
875 1710 1147 1755 calidiorem
1191 1710 1358 1767 habet,
1407 1714 1455 1755 et
1495 1711 1534 1754 si
1574 1711 1677 1766 quis
1719 1725 1823 1755 eam

140 1779 342 1835 triverit,
372 1777 588 1835 pulveres
621 1777 721 1820 eius
753 1777 934 1821 faciunt
966 1777 1028 1820 ad
1057 1776 1210 1821 tineas
1243 1776 1425 1833 capitis,

51 1856 109 1895 20
258 1844 580 1889 Balsamum
605 1842 823 1887 calefacit
848 1845 895 1886 et
920 1842 1078 1887 siccat.
1113 1842 1312 1898 denique
1338 1843 1399 1887 ad
1424 1843 1622 1887 duritias
1649 1843 1820 1900 splenis
1846 1853 1889 1886 25

141 1916 190 1959 et
221 1911 373 1969 epatis
405 1909 533 1953 facit.

52 1986 106 2027 21
259 1978 297 2021 B
315 1976 376 2021 al
393 1990 421 2020 a
437 1990 468 2019 u
486 1990 505 2018 s
522 1977 544 2018 t
559 1974 576 2017 i
593 1988 621 2018 a
659 1972 793 2017 fiores
814 1975 942 2017 'sunt
984 1973 1173 2030 quidem
1219 1974 1334 2018 mali
1379 1974 1569 2032 granati
1609 1975 1821 2032 agrestis,

142 2044 305 2103 quales
339 2044 447 2086 sunt
477 2041 592 2085 mali
623 2039 812 2097 granati
843 2039 1087 2084 domestici
1130 2040 1264 2085 fiores
1306 2040 1386 2096 qui
1419 2041 1716 2098 appellantur
1747 2056 1823 2098 cy-

262 2216 286 2255 1
321 2211 487 2255 eadem
518 2211 623 2254 add.
658 2207 872 2266 (ὁμοίαν).
965 2213 990 2252 2
1010 2208 1196 2252 libores
1225 2208 1267 2252 G
1289 2210 1374 2261 (sic
1403 2213 1606 2266 semper).
1697 2211 1820 2254 rubr.

141 2278 182 2318 et
196 2284 410 2316 ‘numerus
422 2269 568 2324 (XII)
581 2269 713 2312 addit
727 2268 780 2312 G.
871 2271 900 2309 4
924 2267 993 2310 De
1011 2269 1211 2311 anetum.
1238 2267 1417 2311 Anetus
1433 2268 1486 2312 G.
1580 2273 1605 2311 5
1622 2268 1745 2311 hunc
1766 2268 1819 2312 G.

139 2328 401 2375 infunderit
420 2328 474 2372 G.
576 2326 761 2370 unxerit
778 2339 960 2369 umores
982 2326 1035 2370 G.
1116 2332 1141 2370 6
1167 2327 1333 2370 crudos
1351 2327 1540 2383 <ὠμῶν>ε
1574 2327 1736 2370 surdos
1765 2326 1819 2371 G.

143 2393 168 2433 7
200 2389 493 2445 Aprotanum
526 2385 580 2430 G.
732 2389 759 2428 8
792 2384 1006 2428 absentio
1043 2384 1096 2429 G.
1219 2389 1244 2427 9
1279 2398 1331 2428 oc
1364 2399 1547 2440 quoque
1580 2385 1681 2428 soli-1
1711 2387 1820 2429 note

142 2450 216 2493 est
235 2447 278 2492 G
295 2448 371 2502 (ef.
393 2445 496 2490 Gal.
516 2445 606 2499 XI,
623 2446 749 2498 801).
813 2442 1078 2499 10Agarico
1092 2443 1144 2487 G.
1211 2447 1262 2486 11
1285 2443 1500 2488 humores
1520 2445 1574 2489 G.
1647 2449 1700 2487 12
1718 2457 1820 2499 pre-

143 2506 408 2552 cordiarum
426 2503 480 2548 G.
543 2502 624 2558 qui
641 2502 694 2547 G.
767 2506 823 2545 14
837 2502 906 2546 De
924 2501 1082 2546 alium.
1099 2501 1232 2545 Alius
1254 2502 1587 2559 G(6u69060v).
1647 2506 1819 2546 14—15

138 2568 246 2611 haec
277 2578 332 2609 ex
356 2563 561 2620 pleniore
595 2561 767 2605 Galeno
802 2562 879 2616 (cf.
918 2560 1090 2605 Oribas.
1125 2562 1201 2605 lat.
1198 2564 1238 2616 ).
1423 2566 1476 2605 17
1511 2560 1727 2605 oximelle
1763 2561 1818 2606 G.

144 2630 200 2669 19
230 2624 300 2667 De
332 2621 574 2666 andraten.
606 2619 849 2663 Andraten
883 2619 937 2663 G.
993 2659 995 2661 .
1089 2623 1144 2662 20
1175 2619 1206 2663 i.
1239 2633 1398 2663 acrum
1431 2620 1485 2665 G.
1667 2625 1720 2663 21
1752 2619 1824 2663 De

143 2695 299 2727 aneso.
330 2681 511 2724 Anesus
547 2679 601 2724 G.
753 2673 1101 2738 [{h{]orinas
1137 2678 1190 2723 G.
1350 2683 1406 2722 23
1437 2679 1506 2722 De
1525 2678 1821 2723 -asfodillum

141 2739 401 2786 Asfodillus
436 2737 491 2783 G.
594 2741 652 2781 24
681 2736 846 2780 tererit
880 2738 923 2780 G
956 2739 1030 2792 (ex
1060 2738 1245 2781 inscitia
1275 2739 1447 2782 scribae
1482 2738 1734 2794 Germani).

142 2804 200 2844 25
229 2799 299 2843 De
329 2797 556 2842 balsamo.
588 2795 835 2839 Balsamus
871 2796 925 2840 G.
1019 2795 1104 2840 ad:
1137 2795 1175 2839 85
1210 2796 1265 2840 G.
1344 2801 1398 2840 27
1422 2796 1490 2840 De
1521 2795 1822 2841 balaostium.

141 2856 387 2902 Balaostifi
421 2856 477 2901 G.
589 2854 715 2898 floris
751 2854 805 2898 G.
924 2853 1048 2897 male
1079 2856 1274 2910 granate
1307 2856 1419 2912 (hic)
1456 2855 1510 2900 G.
1632 2859 1688 2900 28
1720 2854 1822 2911 qui:

143 2916 256 2973 quia
289 2918 469 2973 (comp.)
507 2914 561 2958 G.
625 2912 891 2970 apellantur
922 2911 1056 2956 citini
1091 2913 1146 2959 G.
