<?xml version="1.0" encoding="UTF-8"?>
<!DOCTYPE html PUBLIC "-//W3C//DTD XHTML 1.0 Transitional//EN"
    "http://www.w3.org/TR/xhtml1/DTD/xhtml1-transitional.dtd">
<html xmlns="http://www.w3.org/1999/xhtml" xml:lang="en" lang="en">
 <head>
  <title>
</title>
<meta http-equiv="Content-Type" content="text/html;charset=utf-8" />
  <meta name='ocr-system' content='tesseract 3.04.00' />
  <meta name='ocr-capabilities' content='ocr_page ocr_carea ocr_par ocr_line ocrx_word'/>
</head>
<body>
  <div class='ocr_page' id='page_1' title='image "./theoeuporislibr00prisuoft_0356.png"; bbox 0 0 1988 3184; ppageno 0'>
   <div class='ocr_carea' id='block_1_1' title="bbox 1005 0 1246 26">
    <p class='ocr_par' dir='ltr' id='par_1_1' title="bbox 1005 0 1246 26">
     <span class='ocr_line' id='line_1_1' title="bbox 1005 0 1246 26; baseline 0 3158"><span class='ocrx_word' id='word_1_1' title='bbox 1005 0 1246 26; x_wconf 95' lang='lat' dir='ltr'> </span> 
     </span>
    </p>
   </div>
   <div class='ocr_carea' id='block_1_2' title="bbox 1200 30 1810 46">
    <p class='ocr_par' dir='ltr' id='par_1_2' title="bbox 1200 30 1810 46">
     <span class='ocr_line' id='line_1_2' title="bbox 1200 30 1810 46; baseline 0.002 -5"><span class='ocrx_word' id='word_1_2' title='bbox 1200 31 1202 33; x_wconf 61' lang='lat'>&gt;</span> <span class='ocrx_word' id='word_1_3' title='bbox 1246 30 1290 44; x_wconf 79' lang='grc'><em>-.-.</em></span> <span class='ocrx_word' id='word_1_4' title='bbox 1442 42 1446 43; x_wconf 25' lang='lat'><em>⁷</em></span> <span class='ocrx_word' id='word_1_5' title='bbox 1490 31 1497 37; x_wconf 49' lang='grc' dir='ltr'><em>κ</em></span> <span class='ocrx_word' id='word_1_6' title='bbox 1552 30 1566 42; x_wconf 74' lang='lat'>⁴..</span> <span class='ocrx_word' id='word_1_7' title='bbox 1586 42 1588 44; x_wconf 65' lang='lat'>.</span> <span class='ocrx_word' id='word_1_8' title='bbox 1604 32 1662 46; x_wconf 45' lang='grc' dir='ltr'>...μ-μ</span> <span class='ocrx_word' id='word_1_9' title='bbox 1750 30 1755 32; x_wconf 59' lang='grc'><strong>“</strong></span> <span class='ocrx_word' id='word_1_10' title='bbox 1804 30 1810 42; x_wconf 66' lang='lat' dir='ltr'>s</span> 
     </span>
    </p>
   </div>
   <div class='ocr_carea' id='block_1_3' title="bbox 1602 0 1988 372">
    <p class='ocr_par' dir='ltr' id='par_1_3' title="bbox 1602 0 1988 372">
     <span class='ocr_line' id='line_1_3' title="bbox 1602 0 1988 372; baseline 0 -279"><span class='ocrx_word' id='word_1_11' title='bbox 1602 0 1988 372; x_wconf 95' lang='lat' dir='ltr'>   </span> 
     </span>
    </p>
   </div>
   <div class='ocr_carea' id='block_1_4' title="bbox 200 149 1325 208">
    <p class='ocr_par' dir='ltr' id='par_1_4' title="bbox 200 149 1325 208">
     <span class='ocr_line' id='line_1_4' title="bbox 200 149 1325 208; baseline -0.016 0"><span class='ocrx_word' id='word_1_12' title='bbox 200 155 310 208; x_wconf 82' lang='grc'>324</span> <span class='ocrx_word' id='word_1_13' title='bbox 749 149 1325 194; x_wconf 73' lang='lat' dir='ltr'>PsEUDo-Tflssonossr</span> 
     </span>
    </p>
   </div>
   <div class='ocr_carea' id='block_1_5' title="bbox 199 278 1946 540">
    <p class='ocr_par' dir='ltr' id='par_1_5' title="bbox 199 278 1946 540">
     <span class='ocr_line' id='line_1_5' title="bbox 199 278 1893 341; baseline -0.006 -9"><span class='ocrx_word' id='word_1_14' title='bbox 199 302 309 341; x_wconf 86' lang='lat' dir='ltr'>mox</span> <span class='ocrx_word' id='word_1_15' title='bbox 351 287 411 331; x_wconf 90' lang='lat' dir='ltr'>ab</span> <span class='ocrx_word' id='word_1_16' title='bbox 458 300 513 330; x_wconf 94' lang='lat' dir='ltr'>eo</span> <span class='ocrx_word' id='word_1_17' title='bbox 559 284 722 328; x_wconf 90' lang='lat' dir='ltr'>morbo</span> <span class='ocrx_word' id='word_1_18' title='bbox 767 280 1061 326; x_wconf 89' lang='lat' dir='ltr'>liberabitur.</span> <span class='ocrx_word' id='word_1_19' title='bbox 1109 279 1196 324; x_wconf 88' lang='lat' dir='ltr'>alii</span> <span class='ocrx_word' id='word_1_20' title='bbox 1234 278 1394 336; x_wconf 88' lang='lat' dir='ltr'>capita</span> <span class='ocrx_word' id='word_1_21' title='bbox 1425 278 1512 323; x_wconf 91' lang='lat' dir='ltr'>XX</span> <span class='ocrx_word' id='word_1_22' title='bbox 1549 280 1747 323; x_wconf 82' lang='lat' dir='ltr'>contusa</span> <span class='ocrx_word' id='word_1_23' title='bbox 1785 291 1893 323; x_wconf 87' lang='lat' dir='ltr'>cum</span> 
     </span>
     <span class='ocr_line' id='line_1_6' title="bbox 202 345 1943 408; baseline -0.005 -10"><span class='ocrx_word' id='word_1_24' title='bbox 202 356 336 398; x_wconf 86' lang='lat' dir='ltr'>aceto</span> <span class='ocrx_word' id='word_1_25' title='bbox 369 355 418 397; x_wconf 92' lang='lat' dir='ltr'>et</span> <span class='ocrx_word' id='word_1_26' title='bbox 446 352 498 395; x_wconf 91' lang='lat' dir='ltr'>in</span> <span class='ocrx_word' id='word_1_27' title='bbox 534 364 691 408; x_wconf 89' lang='lat' dir='ltr'>panno</span> <span class='ocrx_word' id='word_1_28' title='bbox 730 349 926 393; x_wconf 90' lang='lat' dir='ltr'>inducta</span> <span class='ocrx_word' id='word_1_29' title='bbox 955 346 1201 404; x_wconf 73' lang='lat' dir='ltr'>imponito.</span> <span class='ocrx_word' id='word_1_30' title='bbox 1249 345 1368 390; x_wconf 89' lang='lat' dir='ltr'>lotio</span> <span class='ocrx_word' id='word_1_31' title='bbox 1400 345 1501 390; x_wconf 88' lang='grc'><strong>61116</strong></span> <span class='ocrx_word' id='word_1_32' title='bbox 1541 345 1623 401; x_wconf 87' lang='lat' dir='ltr'>qui</span> <span class='ocrx_word' id='word_1_33' title='bbox 1666 345 1796 390; x_wconf 89' lang='lat' dir='ltr'>dolet</span> <span class='ocrx_word' id='word_1_34' title='bbox 1826 345 1892 389; x_wconf 90' lang='lat' dir='ltr'>ci·</span> <span class='ocrx_word' id='word_1_35' title='bbox 1936 381 1943 406; x_wconf 84' lang='lat'>-:</span> 
     </span>
     <span class='ocr_line' id='line_1_7' title="bbox 199 411 1946 471; baseline -0.006 -7"><span class='ocrx_word' id='word_1_36' title='bbox 199 433 358 464; x_wconf 89' lang='lat' dir='ltr'>nerem</span> <span class='ocrx_word' id='word_1_37' title='bbox 396 418 653 462; x_wconf 89' lang='lat' dir='ltr'>cribratum</span> <span class='ocrx_word' id='word_1_38' title='bbox 692 428 970 471; x_wconf 79' lang='lat' dir='ltr'>consperges</span> <span class='ocrx_word' id='word_1_39' title='bbox 1011 415 1059 457; x_wconf 90' lang='lat' dir='ltr'>et</span> <span class='ocrx_word' id='word_1_40' title='bbox 1096 412 1147 456; x_wconf 89' lang='lat' dir='ltr'>in</span> <span class='ocrx_word' id='word_1_41' title='bbox 1184 426 1342 469; x_wconf 90' lang='lat' dir='ltr'>panno</span> <span class='ocrx_word' id='word_1_42' title='bbox 1382 411 1590 456; x_wconf 90' lang='lat' dir='ltr'>calidum</span> <span class='ocrx_word' id='word_1_43' title='bbox 1628 411 1781 469; x_wconf 83' lang='lat' dir='ltr'>spleni</span> <span class='ocrx_word' id='word_1_44' title='bbox 1820 411 1891 455; x_wconf 92' lang='lat' dir='ltr'>in-</span> <span class='ocrx_word' id='word_1_45' title='bbox 1944 414 1946 417; x_wconf 79' lang='grc'><strong>“</strong></span> 
     </span>
     <span class='ocr_line' id='line_1_8' title="bbox 204 478 1893 540; baseline -0.005 -11"><span class='ocrx_word' id='word_1_46' title='bbox 204 486 396 529; x_wconf 90' lang='lat' dir='ltr'>ductum</span> <span class='ocrx_word' id='word_1_47' title='bbox 427 483 613 540; x_wconf 90' lang='lat' dir='ltr'>saepius</span> <span class='ocrx_word' id='word_1_48' title='bbox 653 480 897 538; x_wconf 89' lang='lat' dir='ltr'>imponito.</span> <span class='ocrx_word' id='word_1_49' title='bbox 946 478 1075 523; x_wconf 91' lang='lat' dir='ltr'>ebuli</span> <span class='ocrx_word' id='word_1_50' title='bbox 1106 478 1316 523; x_wconf 83' lang='lat' dir='ltr'>radicem</span> <span class='ocrx_word' id='word_1_51' title='bbox 1354 478 1590 523; x_wconf 89' lang='lat' dir='ltr'>contunde</span> <span class='ocrx_word' id='word_1_52' title='bbox 1630 480 1679 522; x_wconf 93' lang='grc'>61</span> <span class='ocrx_word' id='word_1_53' title='bbox 1708 478 1759 522; x_wconf 90' lang='lat' dir='ltr'>in</span> <span class='ocrx_word' id='word_1_54' title='bbox 1787 478 1893 535; x_wconf 87' lang='lat' dir='ltr'>pul-</span> 
     </span>
    </p>
   </div>
   <div class='ocr_carea' id='block_1_6' title="bbox 157 541 1959 601">
    <p class='ocr_par' dir='ltr' id='par_1_6' title="bbox 157 541 1959 601">
     <span class='ocr_line' id='line_1_9' title="bbox 157 541 1959 601; baseline -0.004 -6"><span class='ocrx_word' id='word_1_55' title='bbox 157 564 178 597; x_wconf 88' lang='lat'>5</span> <span class='ocrx_word' id='word_1_56' title='bbox 201 564 358 595; x_wconf 85' lang='lat' dir='ltr'>verem</span> <span class='ocrx_word' id='word_1_57' title='bbox 387 550 608 593; x_wconf 89' lang='lat' dir='ltr'>redactae</span> <span class='ocrx_word' id='word_1_58' title='bbox 641 547 873 592; x_wconf 87' lang='lat' dir='ltr'>coclearia</span> <span class='ocrx_word' id='word_1_59' title='bbox 895 547 961 590; x_wconf 90' lang='grc' dir='ltr'>ΠΙ</span> <span class='ocrx_word' id='word_1_60' title='bbox 993 560 1050 589; x_wconf 91' lang='lat' dir='ltr'>ex</span> <span class='ocrx_word' id='word_1_61' title='bbox 1079 545 1180 589; x_wconf 82' lang='lat' dir='ltr'>vini</span> <span class='ocrx_word' id='word_1_62' title='bbox 1213 544 1364 601; x_wconf 83' lang='lat' dir='ltr'>cyatis</span> <span class='ocrx_word' id='word_1_63' title='bbox 1388 545 1454 588; x_wconf 90' lang='lat' dir='ltr'>HI</span> <span class='ocrx_word' id='word_1_64' title='bbox 1486 544 1538 588; x_wconf 92' lang='lat' dir='ltr'>in</span> <span class='ocrx_word' id='word_1_65' title='bbox 1568 544 1731 589; x_wconf 90' lang='lat' dir='ltr'>limine</span> <span class='ocrx_word' id='word_1_66' title='bbox 1763 546 1893 588; x_wconf 84' lang='lat' dir='ltr'>stans</span> <span class='ocrx_word' id='word_1_67' title='bbox 1957 541 1959 544; x_wconf 69' lang='grc'><strong>’</strong></span> 
     </span>
    </p>
   </div>
   <div class='ocr_carea' id='block_1_7' title="bbox 200 611 1894 734">
    <p class='ocr_par' dir='ltr' id='par_1_7' title="bbox 200 611 1894 734">
     <span class='ocr_line' id='line_1_10' title="bbox 200 611 1891 673; baseline -0.002 -13"><span class='ocrx_word' id='word_1_68' title='bbox 200 631 284 673; x_wconf 89' lang='lat' dir='ltr'>per</span> <span class='ocrx_word' id='word_1_69' title='bbox 305 616 515 660; x_wconf 86' lang='lat' dir='ltr'>triduum</span> <span class='ocrx_word' id='word_1_70' title='bbox 538 615 690 670; x_wconf 88' lang='lat' dir='ltr'>bibat,</span> <span class='ocrx_word' id='word_1_71' title='bbox 714 617 762 658; x_wconf 94' lang='lat' dir='ltr'>et</span> <span class='ocrx_word' id='word_1_72' title='bbox 784 613 978 659; x_wconf 90' lang='lat' dir='ltr'>ebulum</span> <span class='ocrx_word' id='word_1_73' title='bbox 1003 611 1102 656; x_wconf 90' lang='lat' dir='ltr'>sine</span> <span class='ocrx_word' id='word_1_74' title='bbox 1126 611 1249 656; x_wconf 88' lang='lat' dir='ltr'>ferro</span> <span class='ocrx_word' id='word_1_75' title='bbox 1267 611 1517 656; x_wconf 90' lang='lat' dir='ltr'>collectum</span> <span class='ocrx_word' id='word_1_76' title='bbox 1542 625 1699 655; x_wconf 87' lang='lat' dir='ltr'>secum</span> <span class='ocrx_word' id='word_1_77' title='bbox 1720 613 1891 668; x_wconf 85' lang='lat' dir='ltr'>portet.</span> 
     </span>
     <span class='ocr_line' id='line_1_11' title="bbox 200 678 1894 734; baseline -0.001 -10"><span class='ocrx_word' id='word_1_78' title='bbox 200 681 395 726; x_wconf 82' lang='lat' dir='ltr'>herbam</span> <span class='ocrx_word' id='word_1_79' title='bbox 427 680 644 723; x_wconf 82' lang='lat' dir='ltr'>sabinam</span> <span class='ocrx_word' id='word_1_80' title='bbox 676 694 732 723; x_wconf 90' lang='lat' dir='ltr'>ex</span> <span class='ocrx_word' id='word_1_81' title='bbox 763 693 888 734; x_wconf 86' lang='lat' dir='ltr'>aqua</span> <span class='ocrx_word' id='word_1_82' title='bbox 918 679 981 722; x_wconf 90' lang='lat' dir='ltr'>ad</span> <span class='ocrx_word' id='word_1_83' title='bbox 1011 678 1179 723; x_wconf 89' lang='lat' dir='ltr'>tertias</span> <span class='ocrx_word' id='word_1_84' title='bbox 1221 679 1452 734; x_wconf 87' lang='lat' dir='ltr'>decoques</span> <span class='ocrx_word' id='word_1_85' title='bbox 1493 679 1540 722; x_wconf 91' lang='lat' dir='ltr'>et</span> <span class='ocrx_word' id='word_1_86' title='bbox 1573 691 1630 722; x_wconf 87' lang='lat' dir='ltr'>ex</span> <span class='ocrx_word' id='word_1_87' title='bbox 1661 692 1786 734; x_wconf 87' lang='lat' dir='ltr'>aqua</span> <span class='ocrx_word' id='word_1_88' title='bbox 1817 692 1894 722; x_wconf 91' lang='grc'>66-</span> 
     </span>
    </p>
   </div>
   <div class='ocr_carea' id='block_1_8' title="bbox 200 744 1964 803">
    <p class='ocr_par' dir='ltr' id='par_1_8' title="bbox 200 744 1964 803">
     <span class='ocr_line' id='line_1_12' title="bbox 200 744 1964 803; baseline -0.001 -13"><span class='ocrx_word' id='word_1_89' title='bbox 200 747 300 791; x_wconf 89' lang='grc'><strong>11(16</strong></span> <span class='ocrx_word' id='word_1_90' title='bbox 332 746 528 790; x_wconf 79' lang='lat' dir='ltr'>calicem</span> <span class='ocrx_word' id='word_1_91' title='bbox 557 746 770 803; x_wconf 85' lang='lat' dir='ltr'>plenum‚</span> <span class='ocrx_word' id='word_1_92' title='bbox 802 745 967 789; x_wconf 87' lang='lat' dir='ltr'>addito</span> <span class='ocrx_word' id='word_1_93' title='bbox 1000 745 1245 802; x_wconf 82' lang='lat' dir='ltr'>quippiam</span> <span class='ocrx_word' id='word_1_94' title='bbox 1273 744 1450 802; x_wconf 87' lang='lat' dir='ltr'>piperis</span> <span class='ocrx_word' id='word_1_95' title='bbox 1484 744 1524 788; x_wconf 86' lang='lat' dir='ltr'>si</span> <span class='ocrx_word' id='word_1_96' title='bbox 1554 744 1705 788; x_wconf 91' lang='lat' dir='ltr'>hiems</span> <span class='ocrx_word' id='word_1_97' title='bbox 1736 744 1893 800; x_wconf 87' lang='lat' dir='ltr'>fuerit,</span> <span class='ocrx_word' id='word_1_98' title='bbox 1962 755 1964 759; x_wconf 82' lang='grc'>’</span> 
     </span>
    </p>
   </div>
   <div class='ocr_carea' id='block_1_9' title="bbox 199 810 1894 871">
    <p class='ocr_par' dir='ltr' id='par_1_9' title="bbox 199 810 1894 871">
     <span class='ocr_line' id='line_1_13' title="bbox 199 810 1894 871; baseline -0.001 -14"><span class='ocrx_word' id='word_1_99' title='bbox 199 828 283 871; x_wconf 88' lang='lat' dir='ltr'>per</span> <span class='ocrx_word' id='word_1_100' title='bbox 327 814 426 857; x_wconf 92' lang='grc'><strong>(1166</strong></span> <span class='ocrx_word' id='word_1_101' title='bbox 458 814 522 856; x_wconf 93' lang='lat' dir='ltr'>XI</span> <span class='ocrx_word' id='word_1_102' title='bbox 553 813 629 856; x_wconf 88' lang='lat' dir='ltr'>vel</span> <span class='ocrx_word' id='word_1_103' title='bbox 661 813 790 855; x_wconf 89' lang='lat' dir='ltr'>XVII</span> <span class='ocrx_word' id='word_1_104' title='bbox 820 811 955 868; x_wconf 88' lang='lat' dir='ltr'>potui</span> <span class='ocrx_word' id='word_1_105' title='bbox 996 811 1145 857; x_wconf 89' lang='lat' dir='ltr'>dabis.</span> <span class='ocrx_word' id='word_1_106' title='bbox 1194 812 1339 856; x_wconf 90' lang='lat' dir='ltr'>bacas</span> <span class='ocrx_word' id='word_1_107' title='bbox 1388 811 1511 855; x_wconf 89' lang='lat' dir='ltr'>lauri</span> <span class='ocrx_word' id='word_1_108' title='bbox 1549 811 1677 867; x_wconf 85' lang='lat' dir='ltr'>XXI,</span> <span class='ocrx_word' id='word_1_109' title='bbox 1717 810 1894 867; x_wconf 86' lang='lat' dir='ltr'>piperis</span> 
     </span>
    </p>
   </div>
   <div class='ocr_carea' id='block_1_10' title="bbox 137 877 1971 936">
    <p class='ocr_par' dir='ltr' id='par_1_10' title="bbox 137 877 1971 936">
     <span class='ocr_line' id='line_1_14' title="bbox 137 877 1971 936; baseline -0.002 -11"><span class='ocrx_word' id='word_1_110' title='bbox 137 897 179 927; x_wconf 90' lang='lat'>10</span> <span class='ocrx_word' id='word_1_111' title='bbox 203 895 351 935; x_wconf 89' lang='lat' dir='ltr'>grana</span> <span class='ocrx_word' id='word_1_112' title='bbox 382 880 484 924; x_wconf 91' lang='lat' dir='ltr'>LXI</span> <span class='ocrx_word' id='word_1_113' title='bbox 521 879 571 922; x_wconf 92' lang='lat' dir='ltr'>in</span> <span class='ocrx_word' id='word_1_114' title='bbox 604 878 727 923; x_wconf 90' lang='lat' dir='ltr'>aceti</span> <span class='ocrx_word' id='word_1_115' title='bbox 763 878 979 922; x_wconf 88' lang='lat' dir='ltr'>acerrimi</span> <span class='ocrx_word' id='word_1_116' title='bbox 1010 878 1201 922; x_wconf 91' lang='lat' dir='ltr'>hemina</span> <span class='ocrx_word' id='word_1_117' title='bbox 1238 878 1409 933; x_wconf 89' lang='lat' dir='ltr'>mixta,</span> <span class='ocrx_word' id='word_1_118' title='bbox 1450 881 1498 922; x_wconf 89' lang='lat' dir='ltr'>et</span> <span class='ocrx_word' id='word_1_119' title='bbox 1529 892 1586 922; x_wconf 89' lang='lat' dir='ltr'>ex</span> <span class='ocrx_word' id='word_1_120' title='bbox 1624 891 1679 922; x_wconf 93' lang='lat' dir='ltr'>eo</span> <span class='ocrx_word' id='word_1_121' title='bbox 1719 877 1894 922; x_wconf 89' lang='lat' dir='ltr'>cotidie</span> <span class='ocrx_word' id='word_1_122' title='bbox 1968 931 1971 936; x_wconf 28' lang='grc' dir='ltr'>Ι</span> 
     </span>
    </p>
   </div>
   <div class='ocr_carea' id='block_1_11' title="bbox 204 944 1896 1069">
    <p class='ocr_par' dir='ltr' id='par_1_11' title="bbox 204 944 1896 1069">
     <span class='ocr_line' id='line_1_15' title="bbox 204 944 1895 1003; baseline -0.001 -14"><span class='ocrx_word' id='word_1_123' title='bbox 204 947 390 1003; x_wconf 84' lang='lat' dir='ltr'>singula</span> <span class='ocrx_word' id='word_1_124' title='bbox 431 945 662 990; x_wconf 84' lang='lat' dir='ltr'>coclearia</span> <span class='ocrx_word' id='word_1_125' title='bbox 702 945 859 988; x_wconf 86' lang='lat' dir='ltr'>ieiuno</span> <span class='ocrx_word' id='word_1_126' title='bbox 906 945 1042 1001; x_wconf 89' lang='lat' dir='ltr'>potui</span> <span class='ocrx_word' id='word_1_127' title='bbox 1082 946 1206 990; x_wconf 90' lang='lat' dir='ltr'>dato.</span> <span class='ocrx_word' id='word_1_128' title='bbox 1255 945 1424 989; x_wconf 87' lang='lat' dir='ltr'>lasaris</span> <span class='ocrx_word' id='word_1_129' title='bbox 1466 944 1641 989; x_wconf 84' lang='lat' dir='ltr'>radicis</span> <span class='ocrx_word' id='word_1_130' title='bbox 1686 944 1895 1001; x_wconf 85' lang='lat' dir='ltr'>pulveris</span> 
     </span>
     <span class='ocr_line' id='line_1_16' title="bbox 204 1010 1896 1069; baseline -0.002 -12"><span class='ocrx_word' id='word_1_131' title='bbox 204 1014 411 1057; x_wconf 90' lang='lat' dir='ltr'>cocleare</span> <span class='ocrx_word' id='word_1_132' title='bbox 428 1014 462 1069; x_wconf 89' lang='grc' dir='ltr'>Ι,</span> <span class='ocrx_word' id='word_1_133' title='bbox 497 1013 620 1057; x_wconf 90' lang='lat' dir='ltr'>aceti</span> <span class='ocrx_word' id='word_1_134' title='bbox 645 1012 876 1056; x_wconf 89' lang='lat' dir='ltr'>coclearia</span> <span class='ocrx_word' id='word_1_135' title='bbox 900 1013 954 1066; x_wconf 89' lang='lat' dir='ltr'>V,</span> <span class='ocrx_word' id='word_1_136' title='bbox 980 1011 1134 1055; x_wconf 91' lang='lat' dir='ltr'>mellis</span> <span class='ocrx_word' id='word_1_137' title='bbox 1161 1012 1370 1056; x_wconf 87' lang='lat' dir='ltr'>cocleare-</span> <span class='ocrx_word' id='word_1_138' title='bbox 1394 1012 1428 1067; x_wconf 87' lang='grc' dir='ltr'>Ι,</span> <span class='ocrx_word' id='word_1_139' title='bbox 1455 1011 1612 1055; x_wconf 90' lang='lat' dir='ltr'>omnia</span> <span class='ocrx_word' id='word_1_140' title='bbox 1643 1010 1896 1054; x_wconf 84' lang='lat' dir='ltr'>commixta</span> 
     </span>
    </p>
   </div>
   <div class='ocr_carea' id='block_1_12' title="bbox 138 1077 1988 1798">
    <p class='ocr_par' dir='ltr' id='par_1_12' title="bbox 138 1077 1988 1798">
     <span class='ocr_line' id='line_1_17' title="bbox 202 1077 1970 1136; baseline -0.003 -13"><span class='ocrx_word' id='word_1_141' title='bbox 202 1079 337 1136; x_wconf 86' lang='lat' dir='ltr'>potui</span> <span class='ocrx_word' id='word_1_142' title='bbox 363 1080 487 1124; x_wconf 89' lang='lat' dir='ltr'>dato.</span> <span class='ocrx_word' id='word_1_143' title='bbox 530 1078 747 1123; x_wconf 88' lang='lat' dir='ltr'>stercoris</span> <span class='ocrx_word' id='word_1_144' title='bbox 773 1078 954 1134; x_wconf 87' lang='lat' dir='ltr'>caprini</span> <span class='ocrx_word' id='word_1_145' title='bbox 984 1078 1227 1135; x_wconf 86' lang='lat' dir='ltr'>pulverem</span> <span class='ocrx_word' id='word_1_146' title='bbox 1251 1078 1301 1122; x_wconf 93' lang='lat' dir='ltr'>in</span> <span class='ocrx_word' id='word_1_147' title='bbox 1323 1078 1434 1122; x_wconf 85' lang='lat' dir='ltr'>vino</span> <span class='ocrx_word' id='word_1_148' title='bbox 1458 1077 1668 1133; x_wconf 83' lang='lat' dir='ltr'>misceto,</span> <span class='ocrx_word' id='word_1_149' title='bbox 1702 1091 1760 1121; x_wconf 90' lang='lat' dir='ltr'>ex</span> <span class='ocrx_word' id='word_1_150' title='bbox 1782 1089 1895 1121; x_wconf 78' lang='lat' dir='ltr'>vase</span> <span class='ocrx_word' id='word_1_151' title='bbox 1968 1114 1970 1116; x_wconf 92' lang='lat'>.</span> 
     </span>
     <span class='ocr_line' id='line_1_18' title="bbox 203 1144 1986 1203; baseline -0.002 -14"><span class='ocrx_word' id='word_1_152' title='bbox 203 1145 362 1203; x_wconf 87' lang='lat' dir='ltr'>picato</span> <span class='ocrx_word' id='word_1_153' title='bbox 402 1145 536 1202; x_wconf 89' lang='lat' dir='ltr'>potui</span> <span class='ocrx_word' id='word_1_154' title='bbox 581 1146 706 1190; x_wconf 89' lang='lat' dir='ltr'>dato.</span> <span class='ocrx_word' id='word_1_155' title='bbox 754 1145 843 1188; x_wconf 91' lang='lat' dir='ltr'>hoc</span> <span class='ocrx_word' id='word_1_156' title='bbox 883 1147 931 1188; x_wconf 90' lang='grc'>61</span> <span class='ocrx_word' id='word_1_157' title='bbox 978 1145 1040 1188; x_wconf 85' lang='grc'>6(1</span> <span class='ocrx_word' id='word_1_158' title='bbox 1085 1158 1249 1188; x_wconf 91' lang='lat' dir='ltr'>renum</span> <span class='ocrx_word' id='word_1_159' title='bbox 1290 1144 1500 1188; x_wconf 89' lang='lat' dir='ltr'>dolorem</span> <span class='ocrx_word' id='word_1_160' title='bbox 1543 1144 1748 1200; x_wconf 88' lang='lat' dir='ltr'>prodest.</span> <span class='ocrx_word' id='word_1_161' title='bbox 1790 1157 1896 1186; x_wconf 92' lang='lat' dir='ltr'>cum</span> <span class='ocrx_word' id='word_1_162' title='bbox 1974 1152 1986 1202; x_wconf 55' lang='lat' dir='ltr'>Q</span> 
     </span>
     <span class='ocr_line' id='line_1_19' title="bbox 143 1209 1978 1268; baseline -0.002 -11"><span class='ocrx_word' id='word_1_163' title='bbox 143 1226 184 1257; x_wconf 86' lang='lat'>15</span> <span class='ocrx_word' id='word_1_164' title='bbox 210 1226 361 1268; x_wconf 85' lang='lat' dir='ltr'>cuppa</span> <span class='ocrx_word' id='word_1_165' title='bbox 395 1213 450 1256; x_wconf 91' lang='lat' dir='ltr'>de</span> <span class='ocrx_word' id='word_1_166' title='bbox 482 1212 656 1256; x_wconf 84' lang='lat' dir='ltr'>hedera</span> <span class='ocrx_word' id='word_1_167' title='bbox 689 1211 900 1267; x_wconf 87' lang='lat' dir='ltr'>quisquis</span> <span class='ocrx_word' id='word_1_168' title='bbox 932 1210 1184 1268; x_wconf 87' lang='lat' dir='ltr'>potaverit.</span> <span class='ocrx_word' id='word_1_169' title='bbox 1219 1211 1278 1254; x_wconf 85' lang='lat' dir='ltr'>ab</span> <span class='ocrx_word' id='word_1_170' title='bbox 1313 1210 1439 1254; x_wconf 91' lang='lat' dir='ltr'>omni</span> <span class='ocrx_word' id='word_1_171' title='bbox 1471 1210 1646 1267; x_wconf 87' lang='lat' dir='ltr'>splenis</span> <span class='ocrx_word' id='word_1_172' title='bbox 1677 1209 1896 1254; x_wconf 84' lang='lat' dir='ltr'>molestia</span> <span class='ocrx_word' id='word_1_173' title='bbox 1975 1216 1978 1226; x_wconf 76' lang='lat'><em>¹</em></span> 
     </span>
     <span class='ocr_line' id='line_1_20' title="bbox 205 1272 1988 1334; baseline -0.002 -12"><span class='ocrx_word' id='word_1_174' title='bbox 205 1292 391 1322; x_wconf 87' lang='lat' dir='ltr'>securus</span> <span class='ocrx_word' id='word_1_175' title='bbox 425 1277 700 1323; x_wconf 86' lang='lat' dir='ltr'>servabitur.</span> <span class='ocrx_word' id='word_1_176' title='bbox 741 1278 901 1334; x_wconf 88' lang='lat' dir='ltr'>pulmo</span> <span class='ocrx_word' id='word_1_177' title='bbox 926 1277 976 1320; x_wconf 89' lang='lat' dir='ltr'>in</span> <span class='ocrx_word' id='word_1_178' title='bbox 1000 1277 1127 1321; x_wconf 77' lang='lat' dir='ltr'>fumo</span> <span class='ocrx_word' id='word_1_179' title='bbox 1156 1279 1161 1334; x_wconf 87' lang='grc'>1</span> <span class='ocrx_word' id='word_1_180' title='bbox 1193 1281 1379 1334; x_wconf 75' lang='lat' dir='ltr'>(p.114)</span> <span class='ocrx_word' id='word_1_181' title='bbox 1414 1277 1616 1321; x_wconf 89' lang='lat' dir='ltr'>siccatus</span> <span class='ocrx_word' id='word_1_182' title='bbox 1650 1276 1771 1320; x_wconf 90' lang='lat' dir='ltr'>etin</span> <span class='ocrx_word' id='word_1_183' title='bbox 1792 1276 1896 1333; x_wconf 86' lang='lat' dir='ltr'>pul·</span> <span class='ocrx_word' id='word_1_184' title='bbox 1975 1272 1988 1327; x_wconf 74' lang='grc' dir='ltr'>ἒ</span> 
     </span>
     <span class='ocr_line' id='line_1_21' title="bbox 206 1342 1988 1400; baseline -0.001 -12"><span class='ocrx_word' id='word_1_185' title='bbox 206 1358 363 1388; x_wconf 83' lang='lat' dir='ltr'>verem</span> <span class='ocrx_word' id='word_1_186' title='bbox 393 1343 722 1388; x_wconf 87' lang='lat' dir='ltr'>mollissimum</span> <span class='ocrx_word' id='word_1_187' title='bbox 752 1344 985 1398; x_wconf 89' lang='lat' dir='ltr'>redactus,</span> <span class='ocrx_word' id='word_1_188' title='bbox 1019 1346 1067 1387; x_wconf 87' lang='lat' dir='ltr'>et</span> <span class='ocrx_word' id='word_1_189' title='bbox 1099 1357 1155 1387; x_wconf 90' lang='lat' dir='ltr'>ex</span> <span class='ocrx_word' id='word_1_190' title='bbox 1181 1357 1235 1387; x_wconf 92' lang='grc'>66</span> <span class='ocrx_word' id='word_1_191' title='bbox 1267 1343 1450 1387; x_wconf 89' lang='grc'><strong>166(1166</strong></span> <span class='ocrx_word' id='word_1_192' title='bbox 1481 1343 1532 1386; x_wconf 92' lang='lat' dir='ltr'>in</span> <span class='ocrx_word' id='word_1_193' title='bbox 1561 1357 1707 1400; x_wconf 90' lang='lat' dir='ltr'>pusca</span> <span class='ocrx_word' id='word_1_194' title='bbox 1738 1342 1896 1386; x_wconf 85' lang='lat' dir='ltr'>ieiuno</span> <span class='ocrx_word' id='word_1_195' title='bbox 1981 1355 1988 1387; x_wconf 63' lang='lat'>²:</span> 
     </span>
     <span class='ocr_line' id='line_1_22' title="bbox 204 1409 1898 1467; baseline -0.001 -13"><span class='ocrx_word' id='word_1_196' title='bbox 204 1410 338 1467; x_wconf 89' lang='lat' dir='ltr'>potui</span> <span class='ocrx_word' id='word_1_197' title='bbox 371 1410 506 1453; x_wconf 88' lang='lat' dir='ltr'>dabis</span> <span class='ocrx_word' id='word_1_198' title='bbox 541 1410 616 1454; x_wconf 92' lang='lat' dir='ltr'>die</span> <span class='ocrx_word' id='word_1_199' title='bbox 650 1410 771 1453; x_wconf 86' lang='lat' dir='ltr'>Iovis</span> <span class='ocrx_word' id='word_1_200' title='bbox 804 1410 917 1454; x_wconf 89' lang='lat' dir='ltr'>luna</span> <span class='ocrx_word' id='word_1_201' title='bbox 956 1409 1210 1454; x_wconf 87' lang='lat' dir='ltr'>minuente.</span> <span class='ocrx_word' id='word_1_202' title='bbox 1259 1413 1306 1454; x_wconf 90' lang='grc'>61</span> <span class='ocrx_word' id='word_1_203' title='bbox 1345 1412 1398 1454; x_wconf 87' lang='grc'>111</span> <span class='ocrx_word' id='word_1_204' title='bbox 1434 1409 1641 1466; x_wconf 91' lang='lat' dir='ltr'>potionis</span> <span class='ocrx_word' id='word_1_205' title='bbox 1681 1409 1898 1453; x_wconf 90' lang='lat' dir='ltr'>effectum</span> 
     </span>
     <span class='ocr_line' id='line_1_23' title="bbox 206 1476 1898 1534; baseline -0.001 -14"><span class='ocrx_word' id='word_1_206' title='bbox 206 1476 410 1530; x_wconf 86' lang='lat' dir='ltr'>mireris,</span> <span class='ocrx_word' id='word_1_207' title='bbox 457 1477 662 1534; x_wconf 87' lang='lat' dir='ltr'>porcello</span> <span class='ocrx_word' id='word_1_208' title='bbox 705 1478 762 1521; x_wconf 91' lang='lat' dir='ltr'>de</span> <span class='ocrx_word' id='word_1_209' title='bbox 802 1478 966 1521; x_wconf 90' lang='lat' dir='ltr'>eodem</span> <span class='ocrx_word' id='word_1_210' title='bbox 1004 1476 1055 1519; x_wconf 91' lang='lat' dir='ltr'>in</span> <span class='ocrx_word' id='word_1_211' title='bbox 1085 1476 1278 1533; x_wconf 88' lang='lat' dir='ltr'>potione</span> <span class='ocrx_word' id='word_1_212' title='bbox 1319 1477 1431 1520; x_wconf 88' lang='lat' dir='ltr'>dato</span> <span class='ocrx_word' id='word_1_213' title='bbox 1470 1476 1654 1531; x_wconf 88' lang='lat' dir='ltr'>bibere,</span> <span class='ocrx_word' id='word_1_214' title='bbox 1705 1478 1753 1519; x_wconf 91' lang='lat' dir='ltr'>et</span> <span class='ocrx_word' id='word_1_215' title='bbox 1790 1478 1898 1532; x_wconf 91' lang='lat' dir='ltr'>post</span> 
     </span>
     <span class='ocr_line' id='line_1_24' title="bbox 138 1542 1895 1599; baseline -0.002 -10"><span class='ocrx_word' id='word_1_216' title='bbox 138 1559 181 1589; x_wconf 82' lang='lat'>20</span> <span class='ocrx_word' id='word_1_217' title='bbox 209 1543 391 1587; x_wconf 88' lang='lat' dir='ltr'>occides</span> <span class='ocrx_word' id='word_1_218' title='bbox 428 1557 547 1599; x_wconf 85' lang='lat' dir='ltr'>eum,</span> <span class='ocrx_word' id='word_1_219' title='bbox 589 1543 798 1599; x_wconf 84' lang='lat' dir='ltr'>splenem</span> <span class='ocrx_word' id='word_1_220' title='bbox 837 1546 919 1587; x_wconf 90' lang='lat' dir='ltr'>aut</span> <span class='ocrx_word' id='word_1_221' title='bbox 949 1542 1132 1586; x_wconf 90' lang='lat' dir='ltr'>nullum</span> <span class='ocrx_word' id='word_1_222' title='bbox 1172 1545 1255 1586; x_wconf 89' lang='lat' dir='ltr'>aut</span> <span class='ocrx_word' id='word_1_223' title='bbox 1295 1543 1409 1587; x_wconf 89' lang='lat' dir='ltr'>satis</span> <span class='ocrx_word' id='word_1_224' title='bbox 1441 1557 1640 1599; x_wconf 89' lang='lat' dir='ltr'>parvum</span> <span class='ocrx_word' id='word_1_225' title='bbox 1670 1542 1895 1587; x_wconf 81' lang='lat' dir='ltr'>invenieS.</span> 
     </span>
     <span class='ocr_line' id='line_1_25' title="bbox 207 1608 1988 1666; baseline -0.001 -13"><span class='ocrx_word' id='word_1_226' title='bbox 207 1610 365 1653; x_wconf 87' lang='lat' dir='ltr'>salicis</span> <span class='ocrx_word' id='word_1_227' title='bbox 397 1609 564 1652; x_wconf 87' lang='lat' dir='ltr'>viridis</span> <span class='ocrx_word' id='word_1_228' title='bbox 588 1609 704 1652; x_wconf 84' lang='lat' dir='ltr'>folia</span> <span class='ocrx_word' id='word_1_229' title='bbox 729 1623 834 1652; x_wconf 88' lang='lat' dir='ltr'>cum</span> <span class='ocrx_word' id='word_1_230' title='bbox 857 1609 1042 1653; x_wconf 90' lang='lat' dir='ltr'>modico</span> <span class='ocrx_word' id='word_1_231' title='bbox 1069 1609 1166 1653; x_wconf 90' lang='lat' dir='ltr'>sale</span> <span class='ocrx_word' id='word_1_232' title='bbox 1193 1609 1446 1666; x_wconf 74' lang='lat' dir='ltr'>diligenter</span> <span class='ocrx_word' id='word_1_233' title='bbox 1468 1609 1598 1665; x_wconf 88' lang='lat' dir='ltr'>trita,</span> <span class='ocrx_word' id='word_1_234' title='bbox 1630 1608 1680 1651; x_wconf 90' lang='lat' dir='ltr'>in</span> <span class='ocrx_word' id='word_1_235' title='bbox 1707 1609 1898 1652; x_wconf 90' lang='lat' dir='ltr'>modum</span> <span class='ocrx_word' id='word_1_236' title='bbox 1980 1611 1988 1658; x_wconf 66' lang='grc' dir='ltr'>ξ</span> 
     </span>
     <span class='ocr_line' id='line_1_26' title="bbox 206 1668 1988 1733; baseline 0 -15"><span class='ocrx_word' id='word_1_237' title='bbox 206 1675 449 1732; x_wconf 88' lang='lat' dir='ltr'>emplastri</span> <span class='ocrx_word' id='word_1_238' title='bbox 490 1689 628 1731; x_wconf 88' lang='lat' dir='ltr'>super</span> <span class='ocrx_word' id='word_1_239' title='bbox 668 1675 877 1732; x_wconf 85' lang='lat' dir='ltr'>splenem</span> <span class='ocrx_word' id='word_1_240' title='bbox 914 1676 1188 1732; x_wconf 89' lang='lat' dir='ltr'>impositum</span> <span class='ocrx_word' id='word_1_241' title='bbox 1225 1678 1430 1733; x_wconf 88' lang='lat' dir='ltr'>prodest.</span> <span class='ocrx_word' id='word_1_242' title='bbox 1480 1676 1521 1719; x_wconf 88' lang='lat' dir='ltr'>si</span> <span class='ocrx_word' id='word_1_243' title='bbox 1559 1678 1718 1720; x_wconf 85' lang='lat' dir='ltr'>autem</span> <span class='ocrx_word' id='word_1_244' title='bbox 1757 1675 1896 1719; x_wconf 88' lang='grc'><strong>6111116</strong></span> <span class='ocrx_word' id='word_1_245' title='bbox 1977 1668 1988 1729; x_wconf 62' lang='grc' dir='ltr'>ἐ</span> 
     </span>
     <span class='ocr_line' id='line_1_27' title="bbox 209 1741 1988 1798; baseline -0.001 -13"><span class='ocrx_word' id='word_1_246' title='bbox 209 1745 256 1785; x_wconf 94' lang='grc'>61</span> <span class='ocrx_word' id='word_1_247' title='bbox 293 1742 478 1798; x_wconf 85' lang='lat' dir='ltr'>plenius</span> <span class='ocrx_word' id='word_1_248' title='bbox 519 1756 680 1785; x_wconf 89' lang='lat' dir='ltr'>curare</span> <span class='ocrx_word' id='word_1_249' title='bbox 722 1741 947 1798; x_wconf 85' lang='lat' dir='ltr'>volueris,</span> <span class='ocrx_word' id='word_1_250' title='bbox 996 1741 1193 1786; x_wconf 88' lang='lat' dir='ltr'>cortices</span> <span class='ocrx_word' id='word_1_251' title='bbox 1237 1743 1402 1786; x_wconf 84' lang='lat' dir='ltr'>viridis</span> <span class='ocrx_word' id='word_1_252' title='bbox 1443 1742 1600 1786; x_wconf 89' lang='lat' dir='ltr'>salicis</span> <span class='ocrx_word' id='word_1_253' title='bbox 1646 1741 1898 1798; x_wconf 68' lang='lat' dir='ltr'>diligenter</span> <span class='ocrx_word' id='word_1_254' title='bbox 1979 1754 1988 1793; x_wconf 61' lang='lat' dir='ltr'><em>g</em></span> 
     </span>
    </p>
   </div>
   <div class='ocr_carea' id='block_1_13' title="bbox 208 1808 1896 1864">
    <p class='ocr_par' dir='ltr' id='par_1_13' title="bbox 208 1808 1896 1864">
     <span class='ocr_line' id='line_1_28' title="bbox 208 1808 1896 1864; baseline 0.001 -14"><span class='ocrx_word' id='word_1_255' title='bbox 208 1811 370 1851; x_wconf 87' lang='lat' dir='ltr'>tunsas</span> <span class='ocrx_word' id='word_1_256' title='bbox 403 1809 453 1851; x_wconf 90' lang='lat' dir='ltr'>in</span> <span class='ocrx_word' id='word_1_257' title='bbox 486 1808 644 1852; x_wconf 84' lang='lat' dir='ltr'>melle·</span> <span class='ocrx_word' id='word_1_258' title='bbox 660 1809 903 1864; x_wconf 87' lang='lat' dir='ltr'>decoques,</span> <span class='ocrx_word' id='word_1_259' title='bbox 938 1811 985 1852; x_wconf 90' lang='lat' dir='ltr'>et</span> <span class='ocrx_word' id='word_1_260' title='bbox 1017 1823 1074 1852; x_wconf 90' lang='lat' dir='ltr'>ex</span> <span class='ocrx_word' id='word_1_261' title='bbox 1106 1822 1160 1852; x_wconf 92' lang='lat' dir='ltr'>eo</span> <span class='ocrx_word' id='word_1_262' title='bbox 1195 1810 1285 1852; x_wconf 92' lang='lat' dir='ltr'>duo</span> <span class='ocrx_word' id='word_1_263' title='bbox 1319 1809 1550 1853; x_wconf 89' lang='lat' dir='ltr'>coclearia</span> <span class='ocrx_word' id='word_1_264' title='bbox 1574 1808 1731 1852; x_wconf 85' lang='lat' dir='ltr'>ieiuno</span> <span class='ocrx_word' id='word_1_265' title='bbox 1763 1822 1896 1864; x_wconf 85' lang='lat' dir='ltr'>prae-</span> 
     </span>
    </p>
   </div>
   <div class='ocr_carea' id='block_1_14' title="bbox 1919 372 1988 1243">
    <p class='ocr_par' dir='ltr' id='par_1_14' title="bbox 1919 372 1988 1243">
     <span class='ocr_line' id='line_1_29' title="bbox 1919 372 1988 1243; baseline 0 0"><span class='ocrx_word' id='word_1_266' title='bbox 1919 372 1988 1243; x_wconf 95' lang='lat' dir='ltr'> </span> 
     </span>
    </p>
   </div>
   <div class='ocr_carea' id='block_1_15' title="bbox 141 1875 1988 1932">
    <p class='ocr_par' dir='ltr' id='par_1_15' title="bbox 141 1875 1988 1932">
     <span class='ocr_line' id='line_1_30' title="bbox 141 1875 1988 1932; baseline 0 -13"><span class='ocrx_word' id='word_1_267' title='bbox 141 1888 183 1919; x_wconf 83' lang='lat'>25</span> <span class='ocrx_word' id='word_1_268' title='bbox 207 1875 354 1919; x_wconf 79' lang='lat' dir='ltr'>bebis.</span> <span class='ocrx_word' id='word_1_269' title='bbox 404 1889 546 1918; x_wconf 90' lang='lat' dir='ltr'>cornu</span> <span class='ocrx_word' id='word_1_270' title='bbox 586 1875 761 1919; x_wconf 87' lang='lat' dir='ltr'>cervini</span> <span class='ocrx_word' id='word_1_271' title='bbox 811 1875 1043 1919; x_wconf 88' lang='lat' dir='ltr'>combusti</span> <span class='ocrx_word' id='word_1_272' title='bbox 1083 1875 1287 1919; x_wconf 89' lang='lat' dir='ltr'>cinerem</span> <span class='ocrx_word' id='word_1_273' title='bbox 1326 1890 1383 1919; x_wconf 92' lang='lat' dir='ltr'>ex</span> <span class='ocrx_word' id='word_1_274' title='bbox 1422 1878 1555 1919; x_wconf 91' lang='lat' dir='ltr'>aceto</span> <span class='ocrx_word' id='word_1_275' title='bbox 1594 1875 1730 1932; x_wconf 88' lang='lat' dir='ltr'>potui</span> <span class='ocrx_word' id='word_1_276' title='bbox 1770 1875 1895 1919; x_wconf 88' lang='lat' dir='ltr'>dato.</span> <span class='ocrx_word' id='word_1_277' title='bbox 1984 1879 1988 1881; x_wconf 81' lang='grc'><strong>’</strong></span> 
     </span>
    </p>
   </div>
   <div class='ocr_carea' id='block_1_16' title="bbox 140 1939 1898 2330">
    <p class='ocr_par' dir='ltr' id='par_1_16' title="bbox 140 1939 1898 2330">
     <span class='ocr_line' id='line_1_31' title="bbox 207 1939 1897 1997; baseline 0.002 -16"><span class='ocrx_word' id='word_1_278' title='bbox 207 1939 416 1995; x_wconf 86' lang='lat' dir='ltr'>lapidem</span> <span class='ocrx_word' id='word_1_279' title='bbox 461 1943 667 1996; x_wconf 88' lang='lat' dir='ltr'>gagaten</span> <span class='ocrx_word' id='word_1_280' title='bbox 714 1942 939 1985; x_wconf 86' lang='lat' dir='ltr'>accendes</span> <span class='ocrx_word' id='word_1_281' title='bbox 981 1945 1028 1986; x_wconf 91' lang='lat' dir='ltr'>et</span> <span class='ocrx_word' id='word_1_282' title='bbox 1068 1943 1119 1986; x_wconf 92' lang='lat' dir='ltr'>in</span> <span class='ocrx_word' id='word_1_283' title='bbox 1171 1944 1357 1986; x_wconf 90' lang='lat' dir='ltr'>acetum</span> <span class='ocrx_word' id='word_1_284' title='bbox 1402 1942 1585 1997; x_wconf 72' lang='lat' dir='ltr'>mittes,</span> <span class='ocrx_word' id='word_1_285' title='bbox 1634 1944 1682 1985; x_wconf 91' lang='lat' dir='ltr'>et</span> <span class='ocrx_word' id='word_1_286' title='bbox 1728 1941 1897 1985; x_wconf 86' lang='lat' dir='ltr'>exinde</span> 
     </span>
     <span class='ocr_line' id='line_1_32' title="bbox 207 2005 1897 2065; baseline 0.002 -18"><span class='ocrx_word' id='word_1_287' title='bbox 207 2005 426 2049; x_wconf 88' lang='lat' dir='ltr'>calefacti</span> <span class='ocrx_word' id='word_1_288' title='bbox 460 2006 594 2050; x_wconf 88' lang='lat' dir='ltr'>dabis</span> <span class='ocrx_word' id='word_1_289' title='bbox 620 2007 662 2050; x_wconf 92' lang='lat' dir='ltr'><strong>V</strong></span> <span class='ocrx_word' id='word_1_290' title='bbox 694 2007 880 2064; x_wconf 89' lang='lat' dir='ltr'>singula</span> <span class='ocrx_word' id='word_1_291' title='bbox 924 2009 1169 2064; x_wconf 88' lang='lat' dir='ltr'>coclearia,</span> <span class='ocrx_word' id='word_1_292' title='bbox 1218 2009 1369 2065; x_wconf 82' lang='lat' dir='ltr'>bibat,</span> <span class='ocrx_word' id='word_1_293' title='bbox 1410 2011 1457 2052; x_wconf 92' lang='grc'>61</span> <span class='ocrx_word' id='word_1_294' title='bbox 1497 2009 1652 2065; x_wconf 90' lang='lat' dir='ltr'>ipsum</span> <span class='ocrx_word' id='word_1_295' title='bbox 1689 2007 1897 2064; x_wconf 88' lang='lat' dir='ltr'>lapidem</span> 
     </span>
     <span class='ocr_line' id='line_1_33' title="bbox 206 2071 1898 2131; baseline 0.002 -18"><span class='ocrx_word' id='word_1_296' title='bbox 206 2071 256 2113; x_wconf 91' lang='lat' dir='ltr'>in</span> <span class='ocrx_word' id='word_1_297' title='bbox 307 2071 465 2127; x_wconf 90' lang='lat' dir='ltr'>splene</span> <span class='ocrx_word' id='word_1_298' title='bbox 519 2086 603 2128; x_wconf 89' lang='lat' dir='ltr'>per</span> <span class='ocrx_word' id='word_1_299' title='bbox 663 2073 873 2117; x_wconf 88' lang='lat' dir='ltr'>triduum</span> <span class='ocrx_word' id='word_1_300' title='bbox 932 2075 1182 2131; x_wconf 87' lang='lat' dir='ltr'>alligatum</span> <span class='ocrx_word' id='word_1_301' title='bbox 1244 2076 1434 2119; x_wconf 90' lang='lat' dir='ltr'>habeat.</span> <span class='ocrx_word' id='word_1_302' title='bbox 1500 2075 1793 2118; x_wconf 73' lang='lat' dir='ltr'>diatessaron</span> <span class='ocrx_word' id='word_1_303' title='bbox 1847 2073 1898 2116; x_wconf 91' lang='lat' dir='ltr'>in</span> 
     </span>
     <span class='ocr_line' id='line_1_34' title="bbox 206 2138 1896 2198; baseline 0.002 -18"><span class='ocrx_word' id='word_1_304' title='bbox 206 2138 395 2181; x_wconf 89' lang='lat' dir='ltr'>modum</span> <span class='ocrx_word' id='word_1_305' title='bbox 434 2138 682 2182; x_wconf 89' lang='lat' dir='ltr'>abellanae</span> <span class='ocrx_word' id='word_1_306' title='bbox 720 2140 852 2195; x_wconf 89' lang='lat' dir='ltr'>potui</span> <span class='ocrx_word' id='word_1_307' title='bbox 899 2155 1003 2184; x_wconf 88' lang='lat' dir='ltr'>cum</span> <span class='ocrx_word' id='word_1_308' title='bbox 1037 2141 1239 2197; x_wconf 81' lang='lat' dir='ltr'>oxymeli</span> <span class='ocrx_word' id='word_1_309' title='bbox 1280 2143 1405 2185; x_wconf 90' lang='lat' dir='ltr'>dato.</span> <span class='ocrx_word' id='word_1_310' title='bbox 1453 2143 1661 2198; x_wconf 88' lang='lat' dir='ltr'>gagaten</span> <span class='ocrx_word' id='word_1_311' title='bbox 1698 2140 1749 2184; x_wconf 92' lang='lat' dir='ltr'>in</span> <span class='ocrx_word' id='word_1_312' title='bbox 1786 2140 1896 2184; x_wconf 86' lang='lat' dir='ltr'>vino</span> 
     </span>
     <span class='ocr_line' id='line_1_35' title="bbox 140 2205 1898 2265; baseline -0.001 -15"><span class='ocrx_word' id='word_1_313' title='bbox 140 2218 182 2250; x_wconf 85' lang='lat'>30</span> <span class='ocrx_word' id='word_1_314' title='bbox 208 2205 437 2259; x_wconf 87' lang='lat' dir='ltr'>decoques</span> <span class='ocrx_word' id='word_1_315' title='bbox 470 2205 530 2247; x_wconf 91' lang='lat' dir='ltr'>ad</span> <span class='ocrx_word' id='word_1_316' title='bbox 562 2205 751 2259; x_wconf 88' lang='lat' dir='ltr'>tertias,</span> <span class='ocrx_word' id='word_1_317' title='bbox 784 2209 831 2250; x_wconf 90' lang='lat' dir='ltr'>et</span> <span class='ocrx_word' id='word_1_318' title='bbox 863 2207 1012 2252; x_wconf 91' lang='lat' dir='ltr'>bibat.</span> <span class='ocrx_word' id='word_1_319' title='bbox 1045 2208 1218 2265; x_wconf 92' lang='lat' dir='ltr'>leporis</span> <span class='ocrx_word' id='word_1_320' title='bbox 1250 2207 1379 2251; x_wconf 89' lang='lat' dir='ltr'>iecur</span> <span class='ocrx_word' id='word_1_321' title='bbox 1410 2207 1604 2250; x_wconf 87' lang='lat' dir='ltr'>crudum</span> <span class='ocrx_word' id='word_1_322' title='bbox 1635 2206 1822 2263; x_wconf 87' lang='lat' dir='ltr'>glutiat,</span> <span class='ocrx_word' id='word_1_323' title='bbox 1857 2205 1898 2249; x_wconf 87' lang='lat' dir='ltr'>si</span> 
     </span>
     <span class='ocr_line' id='line_1_36' title="bbox 206 2270 1898 2330; baseline 0.002 -18"><span class='ocrx_word' id='word_1_324' title='bbox 206 2270 278 2313; x_wconf 88' lang='lat' dir='ltr'>vir</span> <span class='ocrx_word' id='word_1_325' title='bbox 311 2271 367 2314; x_wconf 89' lang='lat' dir='ltr'>de</span> <span class='ocrx_word' id='word_1_326' title='bbox 398 2271 633 2327; x_wconf 87' lang='lat' dir='ltr'>masculo,</span> <span class='ocrx_word' id='word_1_327' title='bbox 668 2272 707 2314; x_wconf 92' lang='lat' dir='ltr'>si</span> <span class='ocrx_word' id='word_1_328' title='bbox 739 2273 914 2317; x_wconf 89' lang='lat' dir='ltr'>femina</span> <span class='ocrx_word' id='word_1_329' title='bbox 947 2275 1004 2317; x_wconf 92' lang='lat' dir='ltr'>de</span> <span class='ocrx_word' id='word_1_330' title='bbox 1034 2274 1224 2319; x_wconf 81' lang='lat' dir='ltr'>femina.</span> <span class='ocrx_word' id='word_1_331' title='bbox 1274 2273 1512 2330; x_wconf 89' lang='lat' dir='ltr'>accipitris</span> <span class='ocrx_word' id='word_1_332' title='bbox 1544 2273 1672 2317; x_wconf 88' lang='lat' dir='ltr'>iecur</span> <span class='ocrx_word' id='word_1_333' title='bbox 1703 2273 1898 2317; x_wconf 89' lang='lat' dir='ltr'>crudum</span> 
     </span>
    </p>
   </div>
   <div class='ocr_carea' id='block_1_17' title="bbox 182 2336 1988 2461">
    <p class='ocr_par' dir='ltr' id='par_1_17' title="bbox 182 2334 1988 2461">
     <span class='ocr_line' id='line_1_37' title="bbox 182 2336 1898 2396; baseline 0.002 -18"><span class='ocrx_word' id='word_1_334' title='bbox 182 2389 187 2396; x_wconf 37' lang='lat'>¹</span> <span class='ocrx_word' id='word_1_335' title='bbox 206 2336 394 2391; x_wconf 89' lang='lat' dir='ltr'>glutiat.</span> <span class='ocrx_word' id='word_1_336' title='bbox 420 2336 620 2380; x_wconf 85' lang='lat' dir='ltr'>vulturis</span> <span class='ocrx_word' id='word_1_337' title='bbox 637 2337 766 2381; x_wconf 88' lang='lat' dir='ltr'>iecur</span> <span class='ocrx_word' id='word_1_338' title='bbox 782 2340 977 2383; x_wconf 89' lang='lat' dir='ltr'>crudum</span> <span class='ocrx_word' id='word_1_339' title='bbox 994 2354 1099 2383; x_wconf 91' lang='lat' dir='ltr'>cum</span> <span class='ocrx_word' id='word_1_340' title='bbox 1117 2339 1344 2396; x_wconf 88' lang='lat' dir='ltr'>sanguine</span> <span class='ocrx_word' id='word_1_341' title='bbox 1362 2340 1486 2384; x_wconf 88' lang='lat' dir='ltr'>edat.</span> <span class='ocrx_word' id='word_1_342' title='bbox 1518 2339 1898 2396; x_wconf 86' lang='lat' dir='ltr'>potentissimum</span> 
     </span>
     <span class='ocr_line' id='line_1_38' title="bbox 208 2402 1988 2461; baseline 0.002 -17"><span class='ocrx_word' id='word_1_343' title='bbox 208 2404 279 2445; x_wconf 90' lang='lat' dir='ltr'>est</span> <span class='ocrx_word' id='word_1_344' title='bbox 309 2402 483 2446; x_wconf 88' lang='lat' dir='ltr'>herbae</span> <span class='ocrx_word' id='word_1_345' title='bbox 514 2404 747 2448; x_wconf 85' lang='lat' dir='ltr'>verbenae</span> <span class='ocrx_word' id='word_1_346' title='bbox 778 2405 863 2448; x_wconf 91' lang='lat' dir='ltr'>flos</span> <span class='ocrx_word' id='word_1_347' title='bbox 896 2406 995 2450; x_wconf 89' lang='lat' dir='ltr'>sine</span> <span class='ocrx_word' id='word_1_348' title='bbox 1027 2406 1149 2450; x_wconf 88' lang='lat' dir='ltr'>ferro</span> <span class='ocrx_word' id='word_1_349' title='bbox 1183 2406 1434 2461; x_wconf 86' lang='lat' dir='ltr'>collectus,</span> <span class='ocrx_word' id='word_1_350' title='bbox 1466 2405 1612 2449; x_wconf 90' lang='lat' dir='ltr'>libras</span> <span class='ocrx_word' id='word_1_351' title='bbox 1644 2406 1731 2448; x_wconf 91' lang='lat' dir='ltr'>IIII</span> <span class='ocrx_word' id='word_1_352' title='bbox 1756 2405 1785 2449; x_wconf 80' lang='lat' dir='ltr'>S</span> <span class='ocrx_word' id='word_1_353' title='bbox 1819 2405 1896 2448; x_wconf 88' lang='lat' dir='ltr'>de·</span> <span class='ocrx_word' id='word_1_354' title='bbox 1984 2429 1988 2439; x_wconf 76' lang='lat'>=</span> 
     </span>
    </p>
   </div>
   <div class='ocr_carea' id='block_1_18' title="bbox 329 2540 1896 2600">
    <p class='ocr_par' dir='ltr' id='par_1_18' title="bbox 329 2540 1896 2600">
     <span class='ocr_line' id='line_1_39' title="bbox 329 2540 1896 2600; baseline 0.003 -15"><span class='ocrx_word' id='word_1_355' title='bbox 329 2547 351 2585; x_wconf 89' lang='lat'>1</span> <span class='ocrx_word' id='word_1_356' title='bbox 387 2540 474 2586; x_wconf 80' lang='lat' dir='ltr'>abo</span> <span class='ocrx_word' id='word_1_357' title='bbox 509 2545 547 2587; x_wconf 87' lang='lat' dir='ltr'>b.</span> <span class='ocrx_word' id='word_1_358' title='bbox 712 2547 908 2588; x_wconf 75' lang='lat' dir='ltr'>contfisa</span> <span class='ocrx_word' id='word_1_359' title='bbox 941 2548 979 2590; x_wconf 93' lang='lat' dir='ltr'>b.</span> <span class='ocrx_word' id='word_1_360' title='bbox 1142 2553 1164 2589; x_wconf 84' lang='lat'>·2</span> <span class='ocrx_word' id='word_1_361' title='bbox 1198 2546 1394 2590; x_wconf 64' lang='lat' dir='ltr'>inducti]</span> <span class='ocrx_word' id='word_1_362' title='bbox 1427 2548 1465 2590; x_wconf 93' lang='lat' dir='ltr'>b.</span> <span class='ocrx_word' id='word_1_363' title='bbox 1615 2545 1734 2589; x_wconf 76' lang='lat' dir='ltr'>lotifi</span> <span class='ocrx_word' id='word_1_364' title='bbox 1768 2547 1805 2590; x_wconf 90' lang='lat' dir='ltr'>b.</span> <span class='ocrx_word' id='word_1_365' title='bbox 1839 2546 1896 2600; x_wconf 78' lang='lat' dir='ltr'>cf.</span> 
     </span>
    </p>
   </div>
   <div class='ocr_carea' id='block_1_19' title="bbox 211 2601 1988 2660">
    <p class='ocr_par' dir='ltr' id='par_1_19' title="bbox 211 2601 1988 2660">
     <span class='ocr_line' id='line_1_40' title="bbox 211 2601 1988 2660; baseline 0.003 -17"><span class='ocrx_word' id='word_1_366' title='bbox 211 2601 361 2644; x_wconf 80' lang='lat' dir='ltr'>Marc.</span> <span class='ocrx_word' id='word_1_367' title='bbox 389 2616 437 2656; x_wconf 73' lang='lat' dir='ltr'>p.</span> <span class='ocrx_word' id='word_1_368' title='bbox 463 2605 570 2656; x_wconf 73' lang='lat'><strong><em>237,</em></strong></span> <span class='ocrx_word' id='word_1_369' title='bbox 596 2605 667 2647; x_wconf 77' lang='lat'>32.</span> <span class='ocrx_word' id='word_1_370' title='bbox 791 2607 840 2647; x_wconf 92' lang='grc'>61</span> <span class='ocrx_word' id='word_1_371' title='bbox 871 2605 1073 2648; x_wconf 88' lang='lat' dir='ltr'>cinerem</span> <span class='ocrx_word' id='word_1_372' title='bbox 1106 2607 1144 2649; x_wconf 88' lang='lat' dir='ltr'>b.</span> <span class='ocrx_word' id='word_1_373' title='bbox 1268 2611 1294 2648; x_wconf 90' lang='lat'><strong>3</strong></span> <span class='ocrx_word' id='word_1_374' title='bbox 1328 2604 1595 2660; x_wconf 88' lang='lat' dir='ltr'>conspergis</span> <span class='ocrx_word' id='word_1_375' title='bbox 1622 2607 1659 2649; x_wconf 89' lang='lat' dir='ltr'>b.</span> <span class='ocrx_word' id='word_1_376' title='bbox 1758 2608 1787 2646; x_wconf 88' lang='lat'>4</span> <span class='ocrx_word' id='word_1_377' title='bbox 1817 2604 1896 2648; x_wconf 87' lang='lat' dir='ltr'>he·</span> <span class='ocrx_word' id='word_1_378' title='bbox 1985 2619 1988 2631; x_wconf 73' lang='lat'>²</span> 
     </span>
    </p>
   </div>
   <div class='ocr_carea' id='block_1_20' title="bbox 210 2658 1988 2779">
    <p class='ocr_par' dir='ltr' id='par_1_20' title="bbox 210 2658 1988 2779">
     <span class='ocr_line' id='line_1_41' title="bbox 210 2658 1988 2718; baseline 0.004 -18"><span class='ocrx_word' id='word_1_379' title='bbox 210 2658 311 2700; x_wconf 89' lang='lat' dir='ltr'>buli</span> <span class='ocrx_word' id='word_1_380' title='bbox 336 2661 373 2702; x_wconf 92' lang='lat' dir='ltr'>b.</span> <span class='ocrx_word' id='word_1_381' title='bbox 407 2661 462 2713; x_wconf 77' lang='lat' dir='ltr'>cf.</span> <span class='ocrx_word' id='word_1_382' title='bbox 497 2662 645 2705; x_wconf 79' lang='lat' dir='ltr'>Marc.</span> <span class='ocrx_word' id='word_1_383' title='bbox 672 2676 722 2717; x_wconf 76' lang='lat' dir='ltr'>p.</span> <span class='ocrx_word' id='word_1_384' title='bbox 747 2665 854 2717; x_wconf 77' lang='lat'><em>237,</em></span> <span class='ocrx_word' id='word_1_385' title='bbox 878 2668 936 2707; x_wconf 83' lang='lat'>15</span> <span class='ocrx_word' id='word_1_386' title='bbox 964 2667 1089 2718; x_wconf 75' lang='lat'><em>(235,</em></span> <span class='ocrx_word' id='word_1_387' title='bbox 1113 2667 1208 2718; x_wconf 80' lang='lat'>32).</span> <span class='ocrx_word' id='word_1_388' title='bbox 1419 2669 1444 2707; x_wconf 84' lang='lat'>5</span> <span class='ocrx_word' id='word_1_389' title='bbox 1476 2664 1668 2707; x_wconf 75' lang='lat' dir='ltr'>redacta</span> <span class='ocrx_word' id='word_1_390' title='bbox 1702 2665 1740 2707; x_wconf 89' lang='lat' dir='ltr'>b.</span> <span class='ocrx_word' id='word_1_391' title='bbox 1986 2690 1988 2714; x_wconf 81' lang='grc'><em>;</em></span> 
     </span>
     <span class='ocr_line' id='line_1_42' title="bbox 213 2717 1988 2779; baseline 0.004 -22"><span class='ocrx_word' id='word_1_392' title='bbox 213 2721 268 2757; x_wconf 91' lang='grc'>10</span> <span class='ocrx_word' id='word_1_393' title='bbox 299 2717 461 2761; x_wconf 77' lang='lat' dir='ltr'>mixtfi.</span> <span class='ocrx_word' id='word_1_394' title='bbox 496 2720 543 2761; x_wconf 89' lang='lat' dir='ltr'>et</span> <span class='ocrx_word' id='word_1_395' title='bbox 575 2733 631 2762; x_wconf 90' lang='lat' dir='ltr'>ex</span> <span class='ocrx_word' id='word_1_396' title='bbox 663 2733 717 2763; x_wconf 89' lang='lat' dir='ltr'>eo</span> <span class='ocrx_word' id='word_1_397' title='bbox 750 2723 775 2764; x_wconf 87' lang='lat' dir='ltr'>b</span> <span class='ocrx_word' id='word_1_398' title='bbox 810 2723 894 2776; x_wconf 74' lang='lat' dir='ltr'>(sic</span> <span class='ocrx_word' id='word_1_399' title='bbox 922 2728 1087 2778; x_wconf 76' lang='lat' dir='ltr'>saepe).</span> <span class='ocrx_word' id='word_1_400' title='bbox 1211 2728 1263 2766; x_wconf 88' lang='lat'>11</span> <span class='ocrx_word' id='word_1_401' title='bbox 1296 2723 1537 2779; x_wconf 87' lang='lat' dir='ltr'>pulverem</span> <span class='ocrx_word' id='word_1_402' title='bbox 1569 2725 1607 2767; x_wconf 90' lang='lat' dir='ltr'>b.</span> <span class='ocrx_word' id='word_1_403' title='bbox 1701 2727 1755 2765; x_wconf 89' lang='lat'>13</span> <span class='ocrx_word' id='word_1_404' title='bbox 1786 2720 1896 2764; x_wconf 91' lang='lat' dir='ltr'>mis-</span> <span class='ocrx_word' id='word_1_405' title='bbox 1984 2724 1988 2725; x_wconf 49' lang='lat'><em>⁷</em></span> 
     </span>
    </p>
   </div>
   <div class='ocr_carea' id='block_1_21' title="bbox 213 2776 1988 3013">
    <p class='ocr_par' dir='ltr' id='par_1_21' title="bbox 213 2776 1988 2954">
     <span class='ocr_line' id='line_1_43' title="bbox 213 2776 1988 2838; baseline 0.006 -23"><span class='ocrx_word' id='word_1_406' title='bbox 213 2776 320 2817; x_wconf 81' lang='lat' dir='ltr'>cito.</span> <span class='ocrx_word' id='word_1_407' title='bbox 355 2777 403 2817; x_wconf 88' lang='lat' dir='ltr'>et</span> <span class='ocrx_word' id='word_1_408' title='bbox 433 2791 474 2819; x_wconf 84' lang='lat' dir='ltr'>v.</span> <span class='ocrx_word' id='word_1_409' title='bbox 510 2778 548 2819; x_wconf 91' lang='lat' dir='ltr'>b.</span> <span class='ocrx_word' id='word_1_410' title='bbox 651 2783 705 2822; x_wconf 86' lang='lat'>19</span> <span class='ocrx_word' id='word_1_411' title='bbox 740 2779 796 2822; x_wconf 91' lang='lat' dir='ltr'>de</span> <span class='ocrx_word' id='word_1_412' title='bbox 829 2781 995 2824; x_wconf 89' lang='lat' dir='ltr'>eadem</span> <span class='ocrx_word' id='word_1_413' title='bbox 1025 2781 1076 2823; x_wconf 93' lang='lat' dir='ltr'>in</span> <span class='ocrx_word' id='word_1_414' title='bbox 1104 2780 1297 2837; x_wconf 89' lang='lat' dir='ltr'>potione</span> <span class='ocrx_word' id='word_1_415' title='bbox 1320 2784 1424 2836; x_wconf 79' lang='lat' dir='ltr'>(sic)</span> <span class='ocrx_word' id='word_1_416' title='bbox 1451 2784 1488 2826; x_wconf 88' lang='lat' dir='ltr'>b.</span> <span class='ocrx_word' id='word_1_417' title='bbox 1515 2783 1568 2825; x_wconf 85' lang='lat' dir='ltr'>de</span> <span class='ocrx_word' id='word_1_418' title='bbox 1597 2783 1896 2838; x_wconf 73' lang='lat' dir='ltr'>experimento</span> <span class='ocrx_word' id='word_1_419' title='bbox 1984 2815 1988 2836; x_wconf 87' lang='lat'>.·</span> 
     </span>
     <span class='ocr_line' id='line_1_44' title="bbox 213 2833 1988 2889; baseline 0.005 -15"><span class='ocrx_word' id='word_1_420' title='bbox 213 2833 270 2885; x_wconf 83' lang='lat' dir='ltr'>cf.</span> <span class='ocrx_word' id='word_1_421' title='bbox 302 2846 444 2887; x_wconf 76' lang='lat' dir='ltr'>supra</span> <span class='ocrx_word' id='word_1_422' title='bbox 478 2836 604 2889; x_wconf 77' lang='lat' dir='ltr'>(bis).</span> <span class='ocrx_word' id='word_1_423' title='bbox 709 2841 764 2879; x_wconf 88' lang='grc'>23</span> <span class='ocrx_word' id='word_1_424' title='bbox 795 2837 885 2881; x_wconf 85' lang='lat' dir='ltr'>vol&#39;</span> <span class='ocrx_word' id='word_1_425' title='bbox 922 2842 960 2883; x_wconf 93' lang='lat' dir='ltr'>b.</span> <span class='ocrx_word' id='word_1_426' title='bbox 1060 2839 1247 2883; x_wconf 89' lang='lat' dir='ltr'>corticis</span> <span class='ocrx_word' id='word_1_427' title='bbox 1279 2842 1318 2884; x_wconf 95' lang='lat' dir='ltr'>b.</span> <span class='ocrx_word' id='word_1_428' title='bbox 1413 2844 1467 2883; x_wconf 87' lang='grc'>25</span> <span class='ocrx_word' id='word_1_429' title='bbox 1501 2839 1632 2883; x_wconf 77' lang='lat' dir='ltr'>cinis,</span> <span class='ocrx_word' id='word_1_430' title='bbox 1665 2853 1755 2884; x_wconf 90' lang='lat' dir='ltr'>ex.</span> <span class='ocrx_word' id='word_1_431' title='bbox 1783 2875 1792 2884; x_wconf 95' lang='lat'>.</span> <span class='ocrx_word' id='word_1_432' title='bbox 1821 2874 1830 2883; x_wconf 92' lang='lat'>.</span> <span class='ocrx_word' id='word_1_433' title='bbox 1855 2840 1895 2883; x_wconf 87' lang='lat' dir='ltr'>b.</span> <span class='ocrx_word' id='word_1_434' title='bbox 1982 2837 1988 2882; x_wconf 64' lang='lat' dir='ltr'>i</span> 
     </span>
     <span class='ocr_line' id='line_1_45' title="bbox 214 2892 1897 2954; baseline 0.005 -23"><span class='ocrx_word' id='word_1_435' title='bbox 214 2894 270 2932; x_wconf 87' lang='grc'>26</span> <span class='ocrx_word' id='word_1_436' title='bbox 289 2892 504 2933; x_wconf 79' lang='lat' dir='ltr'>accendis</span> <span class='ocrx_word' id='word_1_437' title='bbox 525 2894 562 2936; x_wconf 91' lang='lat' dir='ltr'>b.</span> <span class='ocrx_word' id='word_1_438' title='bbox 656 2894 740 2937; x_wconf 91' lang='lat' dir='ltr'>cal&#39;</span> <span class='ocrx_word' id='word_1_439' title='bbox 767 2895 897 2939; x_wconf 60' lang='lat' dir='ltr'>facti-1</span> <span class='ocrx_word' id='word_1_440' title='bbox 914 2899 952 2941; x_wconf 91' lang='lat' dir='ltr'>b.</span> <span class='ocrx_word' id='word_1_441' title='bbox 1035 2902 1090 2941; x_wconf 85' lang='grc'>27</span> <span class='ocrx_word' id='word_1_442' title='bbox 1109 2897 1191 2942; x_wconf 77' lang='lat' dir='ltr'>biB</span> <span class='ocrx_word' id='word_1_443' title='bbox 1211 2901 1248 2943; x_wconf 91' lang='lat' dir='ltr'>b.</span> <span class='ocrx_word' id='word_1_444' title='bbox 1336 2903 1390 2941; x_wconf 86' lang='grc'>28</span> <span class='ocrx_word' id='word_1_445' title='bbox 1422 2898 1607 2954; x_wconf 87' lang='lat' dir='ltr'>insplen</span> <span class='ocrx_word' id='word_1_446' title='bbox 1631 2900 1656 2942; x_wconf 92' lang='lat' dir='ltr'>b</span> <span class='ocrx_word' id='word_1_447' title='bbox 1674 2902 1744 2954; x_wconf 74' lang='lat' dir='ltr'>(ut</span> <span class='ocrx_word' id='word_1_448' title='bbox 1759 2910 1897 2954; x_wconf 87' lang='lat' dir='ltr'>super</span> 
     </span>
    </p>

    <p class='ocr_par' dir='ltr' id='par_1_22' title="bbox 215 2947 1988 3013">
     <span class='ocr_line' id='line_1_46' title="bbox 215 2947 1892 3013; baseline 0.006 -24"><span class='ocrx_word' id='word_1_449' title='bbox 215 2947 411 3003; x_wconf 80' lang='lat' dir='ltr'>splen22</span> <span class='ocrx_word' id='word_1_450' title='bbox 423 2952 531 3006; x_wconf 70' lang='lat' dir='ltr'>etc).</span> <span class='ocrx_word' id='word_1_451' title='bbox 594 2950 719 2996; x_wconf 77' lang='lat' dir='ltr'>Diat.</span> <span class='ocrx_word' id='word_1_452' title='bbox 749 2955 755 3008; x_wconf 93' lang='grc' dir='ltr'>Ι</span> <span class='ocrx_word' id='word_1_453' title='bbox 784 2956 821 2998; x_wconf 93' lang='lat' dir='ltr'>b.</span> <span class='ocrx_word' id='word_1_454' title='bbox 885 2960 939 2998; x_wconf 80' lang='grc'>29</span> <span class='ocrx_word' id='word_1_455' title='bbox 953 2955 1169 3000; x_wconf 86' lang='lat' dir='ltr'>oximelle</span> <span class='ocrx_word' id='word_1_456' title='bbox 1180 2959 1217 3001; x_wconf 93' lang='lat' dir='ltr'>b.</span> <span class='ocrx_word' id='word_1_457' title='bbox 1283 2956 1428 3000; x_wconf 81' lang='lat' dir='ltr'>30bib</span> <span class='ocrx_word' id='word_1_458' title='bbox 1439 2959 1477 3001; x_wconf 91' lang='lat' dir='ltr'>b.</span> <span class='ocrx_word' id='word_1_459' title='bbox 1534 2961 1588 2999; x_wconf 88' lang='lat'>31</span> <span class='ocrx_word' id='word_1_460' title='bbox 1601 2955 1892 3013; x_wconf 89' lang='lat' dir='ltr'>aucipitrisb.</span> 
     </span>
    </p>
   </div>
  </div>
 </body>
</html>
