1950 3172
132 139 242 193 220
651 137 966 181 THEODORI
995 137 1296 180 PRISOIANI

133 279 267 328 enim
313 293 483 327 sumus
546 275 677 341 quod
722 274 950 340 plerique
1005 288 1062 323 ea
1116 274 1308 322 cautius
1355 271 1415 322 ab
1470 274 1616 323 initio
1665 279 1863 324 custo-·

133 352 324 401 dientes
362 351 607 416 podagrae
645 353 883 398 venturae
936 362 1026 396 seu
1063 348 1231 412 potius
1269 348 1368 396 iam
1406 348 1688 412 praesentis
1725 349 1830 398 vio·

132 424 334 474 lentiam
387 426 678 473 vitaverunt.
765 420 1119 486 praeiudicatis
1174 435 1292 469 vero
1347 422 1446 470 iam
1498 425 1724 486 tempore
1779 427 1832 471 et

131 498 409 548 manifestis
447 497 729 561 podagricis
768 493 1200 559 cataplasmatibus
1240 509 1439 559 semper
1469 496 1521 544 in
1553 495 1632 544 his
1664 496 1831 545 causis

90 583 111 616 5
135 570 446 636 appetendiS‚
492 571 758 633 unguentis
807 583 1006 633 quoque
1052 567 1130 617 vel
1177 567 1460 633 emplastris
1512 583 1603 618 seu
1649 571 1833 618 ceteris

134 645 393 693 adiutoriis
441 644 692 692 consuetis
739 644 814 692 uti
867 643 1054 692 rectius
1110 647 1208 708 est,
1262 641 1339 691 vel
1394 648 1528 692 certe
1583 642 1833 708 aliquibus
1878 636 1891 648 ⁰

134 719 302 782 fysicis
341 732 518 781 magna
559 731 755 781 semper
799 721 1043 781 potestate
1082 715 1463 780 praestantibus,
1541 732 1674 766 nunc
1712 731 1830 766 vero

133 792 395 840 transactis
427 792 706 856 praeceptis
737 789 815 839 vel
846 789 1104 839 beneficiis
1145 789 1416 856 catholiciS‚
1454 789 1635 855 quibus
1668 796 1832 840 custo-

135 866 252 914 ditis
301 866 448 913 etiam
504 864 749 913 adiutoria
796 863 1005 928 singulis
1051 863 1277 928 partibus
1325 863 1662 914 laborantibus
1703 865 1835 914 ordi-

68 952 110 983 10
133 939 274 988 nabo,

48 1010 151 1063 117
284 1012 567 1061 ischiadicis
623 1014 923 1060 conveniunt
977 1011 1263 1076 frequentes
1314 1013 1527 1061 vomitus
1574 1018 1624 1061 et
1669 1018 1834 1061 cetera

137 1091 401 1151 praecepta
441 1087 661 1134 omnium
710 1087 1038 1150 superiorum.
1117 1100 1265 1134 coxae
1313 1100 1428 1134 vero
1470 1085 1657 1135 dolenti
1702 1086 1834 1135 fotus

141 1159 237 1208 olei
285 1161 491 1224 sicyonii
538 1161 688 1208 rutati
739 1159 813 1208 vel
859 1159 1041 1208 laurini
1088 1158 1396 1216 adhibendus
1446 1165 1542 1226 est,
1597 1159 1835 1225 cataplas-

140 1239 270 1282 mata
327 1248 520 1298 quoque
574 1238 747 1282 natura
806 1233 1054 1282 calidiora.
1141 1232 1414 1282 cucurbitis
1465 1235 1683 1282 ventosis
1738 1234 1835 1282 fre-

74 1319 116 1351 15
142 1312 350 1371 quenter
374 1306 512 1355 locus
538 1307 831 1356 relevandus
865 1313 952 1356 est.
987 1305 1240 1356 acerbiore
1274 1306 1484 1372 clystere
1516 1307 1834 1356 iniciendum.

138 1381 216 1429 his
256 1380 549 1430 flebotomus
581 1383 634 1429 in
665 1380 762 1429 talo
804 1380 1112 1431 adhibendus
1147 1386 1233 1429 est.
1295 1397 1354 1429 ex
1393 1381 1487 1430 hoc
1520 1383 1704 1431 etenim
1739 1382 1834 1430 fre-

140 1460 350 1519 quenter
383 1457 582 1519 sanguis
615 1461 910 1519 provocatus
941 1454 1238 1503 ischiadicos
1270 1454 1509 1520 liberavit.
1572 1454 1838 1520 vaporibus

140 1528 217 1577 vel
258 1528 479 1577 saccellis
527 1529 886 1578 imminendum
926 1535 1002 1597 est
1049 1544 1109 1577 ex
1154 1528 1319 1593 puleio
1362 1528 1545 1578 salibus
1584 1529 1662 1578 vel
1699 1528 1836 1578 milio

261 1704 283 1742 1
326 1700 552 1756 pleruque
583 1716 634 1759 9,
675 1703 753 1758 qai
792 1702 963 1746 transit
1001 1701 1062 1744 ael
1109 1714 1207 1757 cap
1242 1702 1518 1756 praecedens
1549 1703 1598 1757 (s.
1626 1702 1731 1758 110)
1770 1703 1837 1746 sic

134 1772 327 1815 peryens
356 1761 612 1815 provocata
635 1759 773 1803 urina
797 1759 846 1803 in
871 1773 995 1815 aqua
1019 1758 1068 1802 in
1092 1773 1186 1815 qua
1212 1759 1479 1815 decoquunt·
1506 1759 1689 1804 radices
1720 1759 1838 1804 feni-

143 1817 352 1860 culorum
384 1824 460 1863 etc
496 1820 568 1875 (ef.
608 1819 753 1876 Gar).
878 1832 934 1862 ea
964 1820 1057 1863 rB:
1091 1832 1144 1862 00
1183 1819 1227 1863 V
1247 1818 1379 1875 (haec
1415 1819 1543 1875 Gel..)
1678 1823 1704 1862 3
1730 1825 1836 1876 post

141 1875 412 1920 vitaverunt
449 1879 557 1922 haee
598 1880 730 1922 addit
764 1880 790 1923 b
823 1879 1027 1935 (reliquis
1057 1892 1197 1934 ‘usque
1229 1879 1291 1922 ad
1320 1893 1360 1923 v.
1386 1881 1442 1921 11
1477 1877 1693 1922 Sciaticis
1726 1892 1832 1921 con-

139 1934 336 1978 veniunt
366 1937 577 1993 omissizs)
617 1937 750 1980 Licet
779 1937 867 1981 hec
900 1936 1137 1980 adiutoria
1174 1936 1472 1980 fenomeno
1512 1936 1663 1980 libro
1695 1936 1834 1980 huius

141 1994 433 2050 egritudinis.
475 2010 674 2051 quarum
712 1995 918 2039 efficatia
958 1995 1137 2052 experti
1169 2009 1327 2038 sumus
1363 1995 1515 2040 multa
1553 1995 1836 2040 tradidimus

140 2067 262 2096 nunc
294 2054 351 2097 de
383 2054 589 2098 sciaticis
623 2054 842 2099 convenit
873 2055 1051 2099 docere.
1101 2069 1216 2111 qaae
1246 2056 1586 2111 interpolatores
1607 2056 1744 2100 verba
1775 2057 1838 2100 ad

140 2113 509 2168 interpolatorem
547 2116 847 2170 spectaverint
885 2116 938 2158 in
975 2115 1065 2169 fine
1103 2115 1402 2168 faenomenon
1441 2115 1550 2158 libri
1593 2114 1655 2157 ad
1691 2114 1836 2170 poda—

142 2184 275 2226 gram
323 2173 370 2214 et
422 2174 653 2216 tumorem
706 2173 880 2229 pedum
933 2173 1133 2217 remedia
1177 2174 1323 2217 malta
1376 2178 1680 2239 eonyerentem
1719 2174 1832 2229 (cod.

143 2229 347 2274 Berolin.
374 2245 423 2287 p.
452 2234 662 2288 70—71>.
815 2230 1152 2288 praeiudicatis
1188 2232 1305 2276 Gela
1338 2230 1687 2300 preiudicantes
1730 2232 1837 2288 VB,

143 2288 353 2331 —cantis
388 2290 642 2347 (temporis)
673 2306 709 2335 r.
931 2297 1037 2347 post
1066 2292 1276 2346 tempore
1309 2292 1418 2335 ordo
1449 2292 1502 2334 in
1541 2291 1585 2334 V
1622 2291 1839 2346 confusus

142 2348 377 2392 verborum
408 2364 438 2392 a
468 2355 609 2394 vetere
640 2355 886 2394 correctore
916 2351 1154 2394 restitutus
1184 2355 1248 2394 est
1279 2351 1351 2406 (=
1377 2350 1453 2406 Β)
1593 2355 1618 2394 5
1653 2363 1837 2416 quoque

144 2404 220 2448 vel
250 2405 526 2463 inplaustris
551 2423 634 2453 om
662 2409 706 2453 V
727 2410 819 2465 (sed
849 2411 969 2454 inter
1000 2410 1080 2453 lin
1113 2410 1262 2465 suppl.
1296 2414 1378 2453 vet.
1413 2410 1559 2465 corr..)
1683 2414 1710 2453 8
1735 2407 1835 2464 qui-

143 2463 231 2507 bus
265 2466 532 2510 custoditis:
565 2469 632 2512 sic
663 2481 823 2512 omnes.
979 2473 1027 2510 11
1064 2466 1333 2522 frequentes
1365 2468 1424 2511 rb
1445 2468 1563 2512 Get..
1595 2480 1708 2524 prae
1740 2481 1836 2511 om-

145 2521 283 2565 nibus
323 2524 426 2568 VB.
582 2530 635 2569 12
670 2527 719 2569 et
749 2525 907 2570 omnia
939 2539 1080 2582 supra
1112 2525 1242 2569 dicta
1274 2525 1511 2570 adiutoria
1542 2528 1582 2572 b.
1709 2525 1838 2569 fotus

145 2595 171 2623 r
197 2581 315 2626 Gel..
347 2585 485 2638 potus
509 2584 602 2628 VB
627 2584 741 2640 (foto
774 2585 875 2629 oleo
910 2599 944 2630 8.
977 2585 1054 2629 vel
1083 2600 1119 2629 r.
1154 2586 1236 2628 aut
1266 2584 1297 2629 1.
1332 2586 1387 2642 b).
1513 2590 1566 2629 15
1600 2583 1838 2629 acerbiore

147 2639 393 2704 (aceruiori
423 2643 466 2696 r)
499 2641 685 2686 elistere
715 2644 863 2689 rVB:
898 2643 1109 2688 acerbior
1139 2643 1314 2699 clyster
1344 2643 1496 2700 (eliste
1530 2645 1573 2701 b)
1605 2643 1741 2689 bGel.

146 2695 407 2741 iniciendus
432 2700 486 2755 V,
520 2701 764 2758 —dumB‚
797 2703 943 2746 —dus
969 2704 1040 2746 est
1063 2703 1231 2747 rbG-el.
1320 2708 1374 2746 16
1405 2701 1837 2746 his—adhibendus

148 2756 239 2798 est:
272 2757 380 2800 haec
409 2759 544 2801 verba
587 2775 701 2816 qaae
733 2767 839 2816 post
867 2761 1090 2805 liberavit
1126 2762 1293 2805 habent
1321 2762 1451 2806 rVB
1463 2762 1582 2818 Get,
1621 2775 1703 2806 suo
1742 2762 1839 2805 loco

147 2815 329 2857 restitui
344 2829 397 2858 ex
413 2817 506 2860 solo
523 2817 631 2883 b(ef.
645 2818 748 2863 Gal.
761 2820 857 2874 XI,
869 2823 973 2864 305.
1002 2820 1114 2875 XV,
1128 2823 1228 2865 130
1248 2821 1395 2876 Hipp.
1405 2821 1477 2876 II,
1487 2797 1594 2866 522'.
1615 2820 1733 2864 Cael.
1744 2820 1836 2864 chr.

151 2875 193 2925 5,
217 2874 280 2916 23
312 2874 424 2928 etc.,)
454 2876 533 2930 qui
558 2878 711 2932 peryit
740 2877 811 2919 Ex
841 2877 930 2921 hoc
962 2877 1086 2922 enim
1115 2877 1218 2921 1000
1251 2877 1445 2935 sanguis
1475 2893 1543 2935 pr.
1577 2891 1686 2935 sepe
1718 2876 1837 2922 scia.-

146 2906 266 2975 ticos
297 2930 531 2976 liberavit.
652 2934 825 2996 etenim
845 2936 1014 2982 VG'el:
1048 2936 1172 2980 enim
1194 2937 1268 2981 rB
1293 2938 1367 2993 (ex
1388 2936 1478 2980 hoc
1501 2937 1627 2981 enim
1649 2936 1751 2980 loco
1776 2936 1835 2992 b)
