1988 3184
713 143 1154 193 ADDITAMENTA.
1658 149 1764 203 297

0 267 383 339 25''⁸mentissime
412 282 620 338 prosunt.
668 280 778 325 item
817 293 974 325 semen
1003 281 1216 337 genistae
1248 283 1296 326 et
1325 281 1441 326 folia
1473 281 1630 326 salicis
1661 296 1767 327 cum

0 349 30 400 '-
96 346 301 403 axungia
341 347 543 391 contrita
589 349 638 391 et
674 346 895 404 imposita
931 347 1104 403 pedum
1145 349 1194 391 et
1230 347 1549 404 geniculorum
1592 348 1768 394 tollunt

4 426 6 428 ’
96 412 316 458 dolorem.
363 413 546 457 ursinus
586 414 730 470 adeps
768 412 969 457 illinitus
1008 413 1267 471 podagram
1305 417 1453 459 sanat.
1499 414 1640 459 vituli
1668 429 1766 460 ma-

94 478 187 522 rini
217 477 356 535 adipe
386 479 528 536 pedes
561 493 714 536 ungue
745 481 793 523 et
825 479 881 523 de
913 478 1037 523 corio
1070 478 1169 522 eius
1202 478 1367 536 caligis
1405 482 1556 537 utere,
1605 479 1767 524 statim

96 544 286 589 sanasti.
340 544 568 589 bubulum
603 545 763 589 fimum
800 559 905 588 cum
934 543 1064 588 faece
1104 545 1226 589 aceti
1260 545 1531 602 impositum
1560 547 1763 603 prodest.
1811 558 1831 590 5

95 610 304 654 catulum
335 612 588 666 antequam
624 610 922 654 hirundinem
951 611 1112 655 videat
1144 612 1325 656 occides
1358 615 1406 656 et
1444 613 1501 657 de
1541 613 1766 669 sanguine

94 676 242 733 ipsius
271 690 356 733 per
381 676 590 721 triduum
618 678 760 734 pedes
783 676 1078 733 perunguito‚
1110 677 1279 722 vitium
1301 678 1525 723 incidisti.
1560 678 1768 723 catulum

95 742 223 786 canis
255 756 462 786 crassum
493 742 701 798 occides,
735 745 783 787 et
814 742 1067 799 axungiam
1098 743 1196 787 eius
1227 744 1386 800 tolles,
1428 747 1475 788 et
1512 744 1561 788 in
1592 745 1765 789 cacabo

93 806 295 851 ferventi
324 821 468 864 pones
501 810 554 851 ut
586 807 887 863 discoquatur
919 808 1064 852 donec
1089 822 1194 853 ossa
1224 810 1418 854 remissa
1450 810 1556 855 sint.
1602 813 1767 867 postea

91 886 176 929 per
211 872 419 916 triduum
449 872 499 916 in
538 874 702 917 eadem
740 887 863 928 aqua
899 874 1042 929 pedes
1074 874 1368 932 fomentabit,
1408 878 1455 919 et
1487 890 1591 920 cum
1619 877 1762 933 pedes
1787 890 1830 922 10

76 938 151 982 *de
183 952 307 993 aqua
336 938 513 994 tulerit,
547 940 604 983 de
636 939 775 996 adipe
807 938 906 983 eius
939 939 1031 982 sibi
1061 940 1203 996 pedes
1234 944 1519 998 perunguat,
1553 945 1600 986 et
1631 956 1766 986 sana-

92 1003 233 1048 bitur.
279 1003 396 1046 mire
428 1006 670 1060 expertum
701 1006 784 1048 est.
833 1017 975 1048 ranae
999 1006 1194 1050 rubetae
1220 1007 1489 1051 combustae
1521 1008 1638 1051 cinis
1662 1023 1767 1052 cum

98 1069 302 1126 axungia
333 1069 477 1113 veteri
511 1069 759 1125 impositus
789 1071 993 1126 prodest.

0 1191 3 1196 ,
92 1157 174 1200 Ad
212 1157 359 1201 noda
403 1157 679 1202 solvenda
720 1158 783 1201 de
821 1157 1080 1202 manibus
1121 1159 1239 1203 sive
1277 1160 1522 1216 pedibus
1554 1160 1763 1217 (XLVII).

210 1215 429 1267 Bitumen
459 1237 564 1267 cum
596 1223 698 1267 oleo
729 1237 862 1268 roseo
893 1224 1034 1268 terito
1066 1227 1119 1268 ut
1151 1225 1212 1269 sit
1252 1225 1470 1281 spissum,
1515 1228 1562 1270 et
1600 1226 1766 1270 confri-
1791 1241 1833 1273 15

93 1289 242 1333 cando
280 1288 454 1333 illinies
486 1290 623 1333 noda.
673 1292 720 1333 et
757 1304 878 1346 pone
920 1291 1117 1347 desuper
1155 1291 1313 1335 lanam
1353 1292 1582 1349 sucidam,
1623 1296 1670 1337 et
1710 1294 1766 1337 de

91 1354 228 1400 lanea
259 1354 455 1398 fasciola
486 1354 673 1411 ligabis.
721 1355 898 1399 ferulae
929 1356 1135 1400 radicem
1167 1357 1229 1400 ad
1260 1356 1425 1401 tertias
1459 1358 1687 1413 decoques
1721 1361 1768 1402 et

93 1420 243 1477 ipsam
274 1435 445 1477 aquam
476 1421 681 1465 calidam
710 1421 760 1464 in
799 1421 909 1465 vino
940 1422 1136 1465 mixtam
1174 1422 1330 1478 bibat,
1371 1425 1418 1466 et
1457 1423 1613 1466 omnia
1643 1425 1767 1467 noda

94 1486 312 1531 exsolvet.

151 1574 228 1619 Ad
250 1574 292 1629 Ι,
316 1576 376 1619 35
395 1577 494 1630 (93)
524 1574 600 1618 De
630 1574 858 1630 pruritu
889 1575 980 1619 vel
1013 1575 1204 1619 scabie
1235 1576 1420 1619 totius
1454 1578 1704 1633 corporis
1788 1592 1830 1623 20

741 1641 943 1697 (XLVIII
975 1644 1116 1697 extr).

208 1706 331 1749 Nam
355 1708 402 1750 et
426 1706 658 1763 axungiae
690 1706 861 1750 veteris
886 1707 1047 1750 uncias
1071 1708 1126 1762 ΙΙ,
1160 1707 1393 1763 sulphuris
1418 1708 1515 1751 vivi
1539 1708 1700 1752 uncias
1724 1709 1767 1753 II

91 1773 258 1816 tundes
291 1774 339 1816 et
370 1786 475 1815 cum
506 1771 710 1828 axungia
741 1772 958 1816 miscebis
991 1773 1205 1829 terendo,
1239 1775 1286 1816 et
1316 1773 1547 1829 pruritum
1577 1774 1764 1819 illinies.

91 1837 206 1882 item
237 1837 455 1881 aluminis
480 1837 650 1893 liquidi
674 1838 835 1880 uncias
861 1839 916 1894 ΙΙ,
948 1838 1101 1882 mellis
1125 1838 1287 1882 uncias
1312 1839 1376 1881 ΠΙ
1406 1839 1454 1882 in
1478 1854 1621 1883 unum
1645 1855 1766 1884 com-

90 1903 329 1960 miscebis,
362 1906 410 1947 et
440 1903 490 1946 in
520 1903 689 1947 balneo
727 1904 926 1960 papulas
958 1907 1006 1948 et
1035 1904 1266 1961 pruritum
1296 1904 1484 1949 illinies.
1529 1906 1642 1950 item
1674 1907 1765 1950 sul-
1790 1922 1832 1952 25

89 1969 250 2025 phuris
274 1969 372 2013 vivi
395 1969 556 2013 uncias
581 1969 636 2025 II,
667 1983 838 2013 nucum
860 1970 1157 2014 rancidarum
1179 1972 1484 2027 purgatarum
1507 1972 1656 2015 unciis
1680 1973 1767 2016 IIII

92 2033 345 2090 separatim
384 2034 635 2090 diligenter
665 2034 790 2077 tritis
834 2038 881 2079 et
920 2036 1181 2080 commixtis
1213 2036 1262 2079 in
1292 2036 1462 2080 balneo
1494 2037 1767 2094 priusquam

93 2100 229 2144 sudet
259 2102 413 2144 totum
435 2100 640 2144 fricabis.
689 2100 870 2144 radices
896 2102 1231 2146 cauliculorum
1262 2102 1313 2145 id
1337 2105 1408 2146 est
1429 2103 1615 2159 thyrsos
1639 2104 1764 2160 ipsos

0 2190 3 2198 ν
91 2166 434 2210 vetustissimos
467 2166 612 2209 siccos
646 2167 885 2210 combures
923 2170 970 2212 et
1009 2168 1210 2212 cinerem
1242 2182 1400 2212 eorum
1431 2183 1536 2212 cum
1567 2170 1664 2214 sale
1697 2170 1764 2213 di-

92 2231 295 2288 ligenter
331 2234 454 2276 teres
487 2234 534 2275 ct
565 2231 614 2274 in
645 2232 814 2276 balneo
855 2247 1019 2289 corpus
1057 2233 1261 2277 fricabis.
1312 2247 1434 2287 aqua
1471 2234 1653 2278 marina
1691 2249 1766 2278 ca·
1790 2250 1832 2281 30

210 2404 233 2443 1
260 2399 316 2454 ef.
344 2399 494 2444 Marc.
514 2414 562 2455 10·
582 2402 686 2454 372,
711 2404 782 2444 15.
899 2405 929 2443 2·
947 2402 1103 2457 pedufi
1134 2401 1467 2459 genuculorum
1492 2403 1529 2447 b.
1606 2402 1704 2446 toll'
1726 2405 1764 2449 b.

89 2463 119 2501 4
149 2460 206 2514 cf.
241 2458 390 2502 Marc.
418 2473 466 2514 p.
492 2460 596 2512 371,
621 2462 691 2502 31.
789 2463 814 2501 5
839 2459 1070 2503 bubulinii
1094 2462 1132 2505 b.
1196 2465 1221 2503 6
1254 2459 1437 2503 catulus
1464 2496 1472 2504 .
1500 2496 1508 2504 .
1537 2497 1545 2505 .
1573 2461 1764 2506 occisus.

92 2518 283 2562 et...b.
374 2516 651 2572 yrundinem
675 2518 713 2560 b.
810 2521 833 2560 7
864 2516 1066 2562 incisisti
1091 2520 1129 2563 b.
1214 2522 1240 2561 8
1273 2531 1446 2562 cacano
1479 2521 1517 2562 b.
1612 2524 1667 2563 10
1697 2520 1765 2565 fo-

90 2573 279 2620 mental')
294 2574 401 2640 (bis)
420 2576 456 2619 b.
536 2578 587 2616 11
607 2574 771 2618 tuleris
791 2577 829 2620 b.
908 2580 962 2619 13
979 2576 1157 2632 ipositfi
1175 2578 1213 2621 b.
1298 2581 1351 2620 21
1370 2576 1536 2621 XLVII
1551 2577 1626 2620 Ad
1640 2579 1765 2623 noda

92 2633 317 2679 solvenda
333 2638 363 2688 q
379 2647 429 2675 1n
444 2631 660 2676 manibus
677 2634 980 2678 nascentibus
1000 2637 1101 2691 (sic)
1119 2636 1214 2680 ind.
1235 2636 1273 2678 b.
1360 2639 1414 2678 19
1431 2637 1633 2692 sequitwr
1651 2638 1766 2692 (sine

91 2695 235 2748 rubr.)
269 2692 437 2736 indicis
466 2705 564 2747 cap.
589 2690 777 2735 XLVIII
810 2692 867 2736 de
897 2692 1080 2749 pruritu
1106 2730 1113 2737 .
1142 2727 1151 2736 .
1180 2727 1188 2737 .
1217 2693 1463 2748 (Theodori
1493 2709 1527 2738 c.
1553 2698 1645 2750 35).

92 2755 148 2794 23
179 2751 348 2794 tundes
381 2751 429 2792 et
460 2763 520 2794 c.:
554 2751 601 2793 et
631 2751 771 2794 tunsa
802 2764 839 2796 c.
873 2752 911 2795 b.
1032 2751 1199 2795 misces
1232 2753 1269 2796 b.
1393 2756 1446 2796 25
1479 2752 1700 2798 comisces
1725 2755 1764 2798 b.

211 2808 368 2852 Sulfur
403 2806 515 2851 vivfi
544 2817 605 2855 ÷
634 2808 689 2852 II.
740 2812 890 2853 Nuces
929 2809 1145 2854 rancidas
1183 2812 1407 2866 purgatas
1445 2811 1532 2854 IIII
1571 2814 1642 2856 est
1683 2814 1766 2868 (sic

0 2888 4 2921 g
86 2881 173 2925 pro
195 2877 254 2915 ÷
278 2888 333 2904 =
357 2868 465 2923 unE)
497 2880 530 2911 s.
565 2866 608 2911 d.
639 2866 776 2910 tritas
809 2870 856 2911 et
887 2867 1090 2930 comixta
1115 2903 1124 2912 .
1152 2905 1160 2913 .
1189 2905 1197 2913 .
1224 2870 1262 2913 b.
1347 2873 1402 2912 28
1426 2868 1522 2913 rad'
1551 2872 1588 2915 b.
1669 2873 1765 2927 tyr-

93 2940 167 2971 sos
200 2927 237 2971 b.
361 2929 416 2968 29
435 2924 606 2977 ·9bu.ris
633 2959 642 2969 .
671 2962 679 2970 .
708 2961 716 2970 .
741 2925 854 2970 teris
887 2928 925 2971 b.
