1988 3184
705 142 972 185 EPITOME
1001 141 1254 186 ALTERA.
1722 139 1792 192 47
1800 139 1830 190 7

20 322 22 340 ι
57 282 59 287 ’
146 275 440 320 stomachum
469 273 677 330 venienS,
709 273 837 330 quod
866 271 995 330 greci
1026 272 1316 317 stomacilias
1349 272 1524 329 dicunt,
1556 272 1646 316 hoc
1677 273 1750 317 est
1781 286 1831 316 os

48 339 57 353 ⁵
140 341 335 397 ventris,
367 340 448 397 qui
479 339 819 385 excalefactum
850 354 1013 384 sucum
1042 339 1253 384 ciborum
1285 339 1347 382 ad
1376 341 1588 383 ventrem
1616 339 1834 384 iosanum

58 455 59 458 ,
143 407 306 464 11111111,
339 406 420 463 qui
452 408 524 451 est
555 405 764 462 asperior
793 405 871 450 vel
900 405 1027 450 intra
1059 419 1107 450 se
1141 404 1384 462 duplicior.
1417 405 1644 461 quicquid
1674 408 1833 450 autem

143 473 298 518 carfas
330 473 543 517 ciborum
574 474 702 528 811111,
744 473 806 516 ad
844 471 1094 516 intestinas
1125 473 1326 528 vadunt,
1366 485 1456 527 que
1489 473 1694 515 stercora
1725 485 1832 529 ege-

142 542 321 586 runtur.
363 539 658 596 degestiones
697 539 817 582 fiunt
853 540 970 594 tres,
1016 538 1169 595 prima
1206 538 1258 582 in
1294 552 1518 595 vaporem
1555 540 1603 582 et
1642 539 1833 584 odorem
1877 551 1898 583 5

143 606 335 663 spiritus
367 604 517 649 trahit
545 604 705 661 pulmo
738 618 851 661 epar
883 604 1124 648 cerebrum
1147 605 1196 648 et
1217 604 1374 661 pulpe,
1411 605 1615 649 secunda
1646 604 1697 647 in
1721 619 1832 649 suco

144 672 206 716 ad
236 674 448 716 ventrem
477 670 694 715 iosanum
725 673 773 715 et
805 671 868 715 ad
898 670 1148 715 intestinas
1171 670 1368 728 ieiunas,
1400 671 1544 715 tertia
1573 671 1625 715 in
1656 685 1830 728 careas,

143 752 232 793 que
265 740 375 782 sunt
405 739 623 782 stercora.
668 751 780 780 nam
809 736 992 780 urificia
1022 737 1254 781 viscerum
1284 739 1496 782 nostrum
1528 740 1636 781 sunt
1666 738 1830 795 multa,

143 805 227 848 sed
256 803 438 848 maiora
470 804 576 859 (1113,
607 817 692 859 931
723 803 847 858 quod
881 802 1136 859 accipimus
1168 805 1218 847 et
1247 818 1331 860 per
1361 804 1487 859 quod
1518 803 1769 849 reddimus.

673 920 858 965 XXIIII.
891 921 968 964 De
999 920 1299 966 intestina.
1853 941 1895 972 10

257 995 488 1040 Intestina
527 996 687 1038 autem
724 1009 819 1039 non
858 996 1046 1038 tantum
1091 994 1299 1038 flexuosa
1337 995 1513 1050 brevis,
1564 996 1646 1039 sed
1685 996 1831 1039 etiam

140 1075 268 1106 more
299 1061 703 1118 receptaculorum
741 1060 897 1117 sepius
944 1060 1158 1117 inpedita
1206 1062 1269 1104 ad
1309 1061 1563 1105 detinenda
1603 1061 1830 1106 alimenta-

141 1128 350 1184 fiuntque
393 1128 524 1172 velut
563 1127 801 1183 quondam
846 1127 1132 1172 laberentus.
1174 1130 1284 1171 sunt
1323 1130 1482 1172 autem
1521 1128 1828 1185 quadriplicis

142 1196 363 1238 contexta
394 1193 701 1250 membranis,
732 1193 990 1238 forinsecus
1021 1207 1220 1237 nervosa
1246 1194 1359 1250 (1110,
1399 1193 1596 1238 1111311118
1636 1207 1829 1238 33111083

144 1261 257 1316 (1110,
299 1259 665 1315 dividunturque
703 1259 754 1302 in
791 1262 949 1316 partes
980 1259 1057 1304 III.
1105 1259 1262 1304 ieiune
1301 1260 1525 1304 intestine
1564 1261 1830 1305 cubitorum
1854 1272 1896 1305 15

144 1326 242 1382 VII,
276 1340 366 1381 que
398 1327 636 1382 ponuntur
660 1326 722 1369 ad
747 1325 1021 1369 umbilicum
1052 1328 1100 1370 et
1130 1326 1285 1369 iusum
1308 1327 1550 1371 humorem
1581 1327 1827 1383 recipiunt.

141 1392 240 1436 late
279 1391 501 1435 intestine
547 1391 812 1435 cubitorum
842 1390 949 1435 XIII
987 1406 1016 1435 a
1055 1394 1218 1436 ventre
1260 1392 1515 1448 incipiunt,
1564 1392 1646 1447 qui
1686 1393 1829 1436 susci-

9 1469 15 1509 ,·
68 1500 70 1502 .
142 1458 280 1515 9111111
322 1457 608 1514 digestiones
649 1471 706 1501 ex
746 1457 1038 1501 stomachum
1078 1460 1125 1501 et
1163 1460 1375 1502 ventrem
1413 1458 1618 1502 flexuoso
1659 1459 1829 1504 itinere

66 1565 74 1573 .
143 1526 285 1569 vento
309 1523 450 1580 pleni.
485 1524 639 1567 colum
661 1523 950 1578 intestinum,
976 1523 1058 1578 qui
1080 1523 1272 1579 ponitur
1296 1538 1434 1580 super
1455 1524 1647 1581 inguem
1668 1525 1827 1569 dextre

142 1590 312 1648 partis,
362 1589 659 1646 longitudine
704 1590 967 1646 palmorum
1004 1590 1111 1645 IIII,
1156 1590 1238 1645 qui
1283 1590 1495 1634 iunctum
1542 1593 1614 1635 381
1658 1591 1827 1636 vissice
1853 1604 1895 1636 20

144 1671 288 1700 anum
320 1658 367 1700 et
398 1655 491 1698 iliae
525 1656 673 1699 ambe.
715 1669 826 1698 nam
858 1670 1015 1699 omnes
1047 1655 1271 1700 intestine
1303 1656 1561 1713 iunguntur
1592 1657 1827 1714 adipibus,

144 1721 226 1777 qui
259 1721 469 1765 ciborum
498 1735 629 1764 mora
661 1721 883 1777 queritur,
916 1722 993 1765 vel
1022 1736 1081 1765 ne
1114 1722 1259 1766 etiam
1290 1723 1486 1767 adsidue
1519 1738 1675 1768 escam
1707 1724 1828 1768 clesi-

146 1789 346 1832 deretur.

265 1940 288 1977 1
323 1936 580 1978 stomacum
612 1935 664 1978 P.
787 1935 915 1991 greci
951 1935 1005 1979 G.
1126 1935 1211 1979 hos
1252 1936 1301 1980 U.
1431 1941 1456 1980 2
1491 1951 1679 1980 succum
1713 1937 1757 1982 G
1786 1943 1828 1982 et

142 2000 248 2038 ante
278 1995 361 2050 ips.
395 2008 508 2038 corr.
534 1995 587 2037 P.
682 1998 707 2035 3
742 1993 973 2037 dublicior
1005 1995 1056 2050 U,
1083 1994 1346 2050 dupplicior
1380 1995 1434 2040 G.
1555 2002 1584 2040 4
1609 2011 1699 2055 que
1726 1997 1824 2041 UG.

143 2056 172 2097 5
204 2055 363 2096 autem
394 2054 515 2109 (post
542 2053 668 2108 deg.)
700 2054 805 2096 add.
844 2053 897 2097 G.
993 2060 1017 2097 6
1050 2066 1215 2109 393133
1245 2055 1438 2097 rubrum
1472 2055 1526 2099 G.
1621 2069 1730 2099 suco
1764 2056 1826 2100 P:

144 2126 256 2155 sucu
297 2112 348 2166 U,
382 2125 521 2155 8113311
557 2112 610 2155 G.
736 2118 758 2154 7
792 2111 1009 2154 iusanum
1047 2112 1151 2156 UG.
1285 2112 1466 2157 ieiunas
1499 2115 1616 2159 PU.
1649 2128 1732 2159 om
1770 2114 1824 2158 G.

143 2170 290 2214 tercia
323 2171 375 2213 P.
499 2183 658 2213 careas
694 2171 796 2226 (sic)
830 2184 980 2213 omnes
1009 2177 1062 2214 ut
1090 2185 1233 2227 supra
1264 2171 1429 2216 cal-fas.
1530 2177 1556 2214 8
1589 2187 1678 2231 que
1719 2173 1764 2217 U
1770 2173 1823 2217 G

145 2228 323 2273 orificia
363 2228 467 2272 UG.
622 2233 674 2271 11
708 2242 801 2271 non
833 2229 893 2273 P:
928 2243 1010 2272 om
1051 2230 1097 2273 U
1102 2230 1157 2273 G
1316 2230 1460 2274 flexus
1493 2231 1678 2275 abrevis
1719 2231 1825 2276 UG.

145 2292 199 2330 12
233 2287 354 2330 adde
385 2287 590 2330 tenenda
623 2288 676 2331 P.
800 2291 853 2329 13
887 2302 975 2344 que
1016 2288 1060 2332 U
1064 2288 1117 2332 P
1269 2290 1468 2332 condam
1499 2290 1552 2332 P·
1697 2290 1826 2334 labe-

143 2348 304 2389 rentur
338 2345 392 2389 G.
531 2350 586 2389 14
617 2345 891 2388 mimbranis
924 2347 985 2390 Ρ·
1018 2346 1226 2390 membra
1260 2348 1353 2414 UG
1382 2349 1480 2405 (ubi
1509 2349 1718 2392 membra
1746 2354 1752 2404 Ι
1788 2350 1833 2393 U

142 2407 195 2448 ‘m
224 2406 314 2459 fine
344 2406 525 2460 versus).
676 2404 940 2448 forensecus
973 2405 1026 2449 P.
1232 2410 1286 2448 15
1319 2406 1370 2449 in
1401 2420 1482 2451 om.
1520 2407 1574 2451 G.
1754 2408 1826 2450 111-

142 2463 328 2507 testinae
362 2463 414 2507 P.
510 2466 563 2506 16
597 2464 776 2518 septem
815 2464 859 2507 U
866 2463 919 2507 G
1012 2478 1103 2523 que
1143 2464 1241 2510 UG
1339 2469 1394 2508 17
1426 2465 1691 2510 cubitorum
1714 2467 1825 2511 PU:

143 2523 511 2579 gubernatorum
545 2521 599 2565 G.
713 2521 939 2565 tredecim
978 2522 1082 2566 UG.
1177 2528 1231 2566 18
1265 2523 1559 2580 degestiones
1592 2525 1645 2569 P.
1733 2528 1825 2569 sto-

142 2581 311 2624 macho
344 2582 392 2623 et
422 2581 584 2623 ventre
624 2580 728 2624 UG.
894 2580 1101 2625 fluxuose
1137 2581 1191 2626 G.
1341 2582 1519 2627 itenere
1550 2584 1604 2628 P.
1754 2584 1825 2627 in-

142 2639 320 2683 testinu
360 2638 456 2683 UG.
591 2644 646 2682 20
676 2641 834 2695 931138
867 2640 919 2683 P.
1070 2640 1415 2697 longitudinem
1454 2641 1552 2687 UG.
1690 2645 1824 2698 quat-

142 2700 250 2741 tuor
291 2698 342 2753 U,
375 2698 576 2752 quatuor
610 2697 665 2741 G.
785 2697 930 2757 visice
968 2698 1022 2743 G.
1154 2705 1206 2742 21
1241 2699 1323 2744 ilie
1363 2701 1422 2756 U,
1454 2700 1536 2758 1113
1572 2701 1628 2746 G.
1749 2708 1825 2746 offi

143 2758 206 2802 P:
241 2755 447 2800 omnium
485 2756 588 2800 UG.
710 2755 932 2800 intestine
972 2758 1022 2801 U.
1115 2757 1226 2814 adip
1230 2759 1343 2803 ebus
1375 2760 1430 2815 P,
1463 2759 1691 2816 adepibus
1724 2762 1822 2806 UG.

145 2820 200 2859 22
233 2814 444 2882 queritur
471 2815 526 2859 G.
676 2830 707 2857 u
738 2829 796 2859 ne
829 2816 890 2860 Ρ.
922 2816 1046 2860 1111(13
1089 2817 1193 2861 UG.
1336 2817 1523 2862 assidue
1563 2819 1614 2875 U,
1648 2834 1732 2880 -3
1767 2821 1822 2865 G.

39 2852 54 2894 ἶ
145 2873 436 2918 desideretur
467 2874 528 2918 P.
570 2873 804 2917 desideret
843 2875 947 2920 UG.
986 2876 1073 2920 huc
1109 2890 1248 2933 usque
1284 2891 1408 2922 mmo
1445 2879 1539 2922 cod.
1581 2879 1627 2923 U
1653 2881 1714 2936 (p.
1739 2882 1820 2935 22)

26 2936 58 2993 ξι,
142 2934 197 2976 in
227 2946 312 2990 quo
344 2934 505 2977 deswnt
537 2934 661 2988 (duo,
691 2938 744 2977 ut
767 2936 902 2990 puto)
933 2934 1061 2989 folia.
