1988 3184
189 109 302 164 334
745 80 1321 153 Psnuno-'rflnonom

190 243 296 288 sisti
327 243 489 288 facias.
529 255 588 286 116
620 241 776 286 6616613
806 240 971 296 utique
1009 239 1236 295 quamdiu
1275 239 1467 285 sufferre
1503 240 1682 298 poterit
1719 241 1884 287 sedeat

188 308 325 353 furno
359 308 621 352 subclauso.
654 309 817 351 tantus
851 305 894 350 ei
932 320 1068 350 umor
1098 306 1189 351 erit
1227 307 1354 363 quod
1386 308 1449 352 ad
1477 307 1782 352 nativitatem
1810 322 1882 354 re·

190 375 392 433 digetur.
441 374 538 418 alia
579 373 656 418 die
693 373 785 417 hac
822 372 1007 417 ratione
1049 386 1155 417 eum
1191 373 1395 431 potabis.
1444 373 1648 431 accipies
1686 388 1882 432 gramen

187 443 419 486 nodosum
452 442 509 485 de
534 455 662 498 agro,
695 440 816 483 illud
841 440 967 496 quod
991 454 1130 496 super
1164 441 1340 484 terram
1367 439 1557 496 eminet,
1590 442 1639 484 et
1666 443 1882 498 amputes

144 521 164 554 5
188 508 370 552 radices
397 507 741 563 subterraneae,
760 506 942 551 scilicet
958 520 1078 562 quae
1098 506 1184 550 sub
1207 508 1334 551 terra
1354 508 1475 564 sunt,
1493 509 1542 551 et
1558 506 1608 550 in
1623 521 1735 552 vase
1758 520 1881 552 novo

187 574 238 619 in
267 575 333 619 VI
372 576 422 619 98
454 588 605 630 aquae
635 587 758 631 pone
797 575 845 618 613
885 574 947 617 6(1
984 573 1152 618 tertias
1192 587 1340 630 usque
1381 574 1608 630 decoque,
1650 574 1881 618 admisces

189 656 340 697 aquae
382 642 430 686 98
454 642 496 698 l,
528 641 699 685 lotium
731 655 978 698 caprarum
1008 654 1130 696 quae
1160 640 1412 685 lentiscum
1441 655 1526 697 per
1555 640 1767 685 triduum
1796 655 1879 698 pa—

185 708 361 764 verint,
405 710 453 753 et
489 722 573 765 per
610 707 821 752 triduum
859 707 1044 752 ieiunus
1082 707 1232 752 bibat.
1282 707 1412 752 cibos
1450 721 1562 752 vero
1602 722 1764 752 carnes
1805 723 1880 752 su-

185 777 319 818 mant
350 789 480 818 assas
514 778 562 819 et
594 774 742 818 salsos
773 774 946 831 pisces,
987 773 1097 819 vino
1131 773 1308 830 optimo
1338 773 1622 831 nutriantur,
1651 776 1657 832 1
1687 777 1877 831 (10.128)

120 855 163 886 10
187 841 240 885 id
271 843 343 885 est
373 841 536 885 vinum
566 841 748 885 bibant.
791 841 847 884 (16
881 855 1004 896 aqua
1037 842 1086 885 et
1116 840 1357 885 holeribus
1390 840 1660 885 abstinendi
1692 843 1800 885 sunt
1833 843 1880 886 et

188 908 245 952 de
278 908 496 952 carnibus
527 907 797 965 pinguibus.

441 1012 519 1056 Ad
541 1013 612 1067 ΙΙ,
637 1015 697 1056 33
728 1012 804 1056 De
835 1024 1031 1055 renum
1061 1010 1228 1055 vitiis
1261 1011 1352 1055 vel
1382 1010 1613 1055 vesicae

186 1102 217 1145 i.
251 1116 284 1145 e.
319 1103 381 1145 ad
414 1101 492 1156 II,
530 1104 609 1144 33'2
650 1101 888 1158 Anonymi
934 1101 1187 1156 capitulum
1234 1101 1287 1144 de
1341 1101 1511 1144 vesicae
1554 1101 1682 1144 vitiis
1714 1122 1768 1136 =
1792 1101 1856 1144 II
1863 1101 1879 1125 ²

187 1182 222 1212 6.
247 1171 306 1212 21
338 1167 414 1211 De
455 1167 679 1211 calculo
715 1170 832 1224 (post
870 1166 1114 1223 fascietur,
1163 1168 1243 1211 ubi
1276 1168 1480 1222 primum
1516 1167 1718 1223 sequitwr
1749 1168 1879 1222 potio

122 1244 164 1276 15
188 1248 279 1291 qua
309 1240 449 1291 caput
465 1240 653 1292 pmyat,
686 1249 742 1279 ex
758 1239 892 1290 parte
918 1235 1165 1290 posteriore
1188 1235 1384 1290 capituli
1406 1233 1667 1288 Bao-herm,
1700 1235 1879 1291 deinde)

305 1323 460 1367 Item.
508 1322 646 1367 istius
677 1322 885 1379 potionis
919 1321 1136 1366 effectum
1175 1321 1362 1379 saepius
1394 1323 1614 1379 probavi,
1656 1338 1776 1379 quae
1810 1323 1876 1368 sic

187 1390 442 1434 conficitur.
477 1389 772 1445 ammoniaci,
807 1389 1074 1446 saxifragae
1107 1403 1199 1432 ana
1222 1400 1282 1438 -ζ-
1304 1390 1388 1447 VI,
1421 1389 1594 1434 radicis
1627 1391 1875 1448 verbenae,

186 1456 482 1501 chelidoniae
508 1471 600 1500 ana
621 1467 682 1505 -ζ-
698 1456 774 1512 VI,
806 1456 982 1513 piperis
1007 1455 1192 1501 libram.
1228 1456 1385 1500 omnia
1409 1459 1549 1500 tunsa
1575 1459 1622 1501 et
1654 1457 1874 1503 cribrata.

187 1524 243 1568 de
284 1524 477 1580 pulvere
526 1523 661 1567 dabis
710 1523 919 1567 cocleare
952 1537 1061 1573 ,non
1107 1523 1226 1567 bene
1264 1523 1456 1580 plenum
1494 1523 1786 1568 febricitanti
1825 1524 1875 1567 in

120 1600 162 1634 20
188 1605 311 1646 aqua
344 1590 514 1646 calida,
549 1604 662 1634 66110
694 1589 745 1633 111
769 1589 959 1634 6011(11130
986 1591 1068 1633 61113
1092 1589 1142 1632 111
1165 1590 1287 1635 vino.
1314 1590 1424 1634 huic
1456 1590 1711 1634 valitudini
1734 1591 1874 1636 valde

184 1658 407 1714 prodesse
441 1657 551 1702 scio.

303 1724 477 1768 Rafani
518 1724 714 1768 cortices
754 1723 805 1767 in
842 1723 951 1767 vino
995 1722 1178 1767 decocti
1225 1725 1272 1767 et
1319 1722 1476 1767 ieiuno
1525 1722 1674 1780 cyatis
1721 1723 1872 1767 tribus

184 1791 318 1848 potui
375 1791 475 1834 dati
524 1791 782 1835 calculos
839 1790 1181 1846 comminuunt,
1238 1792 1286 1834 et
1339 1790 1508 1834 mulier
1555 1790 1594 1834 si
1636 1790 1870 1835 habuerit.

186 1857 426 1914 saxifraga
474 1872 580 1901 cum
624 1857 778 1901 mulsa
816 1857 951 1914 potui
993 1858 1106 1902 data
1144 1857 1308 1914 tepida
1341 1858 1467 1914 [cum
1507 1856 1617 1901 vino
1656 1857 1733 1901 vel
1765 1872 1871 1900 cum

119 1935 161 1968 25
184 1924 371 1982 mulsa],
403 1925 542 1969 valde
575 1924 745 1968 mirum
776 1926 858 1969 est.
907 1923 983 1969 vel
1017 1923 1056 1966 si
1087 1923 1137 1966 in
1168 1923 1278 1967 vino
1312 1924 1505 1967 decocta
1543 1922 1706 1979 fuerit,
1747 1923 1874 1966 idem

185 1990 314 2036 facit.
347 1991 454 2035 rubi
485 1991 693 2035 radicem
723 1991 856 2035 lavas
890 1993 938 2034 et
970 1990 1131 2046 siccaS,
1166 1991 1213 2033 et
1243 1989 1370 2033 facto
1400 1989 1593 2046 pulvere
1626 2004 1731 2032 cum
1761 1988 1871 2033 vino

187 2060 270 2101 aut
302 2058 492 2102 condito
526 2061 609 2102 aut
641 2072 764 2113 aqua
790 2057 945 2101 calida
968 2057 1117 2101 bibat.
1166 2057 1254 2100 hoc
1277 2056 1530 2112 probatum
1554 2058 1638 2099 est.
1681 2055 1871 2100 nucleos

184 2124 347 2180 pineos
380 2125 516 2181 XLV,
548 2124 723 2181 piperis
749 2123 967 2183 (grana)
999 2124 1123 2167 XLV
1155 2123 1293 2166 simul
1324 2125 1468 2179 tereS,
1510 2125 1557 2166 et
1589 2137 1693 2166 cum
1725 2123 1873 2166 iacta-

185 2190 270 2247 bit,
307 2191 414 2235 vino
448 2194 531 2235 aut
563 2190 753 2235 condito
787 2193 870 2234 aut
902 2190 1059 2235 calida
1091 2190 1249 2245 bibat,
1291 2203 1449 2233 omnes
1480 2192 1639 2246 petras
1671 2188 1873 2234 iactabit

118 2271 160 2301 30
186 2259 234 2300 et
266 2271 405 2300 sanus
440 2257 541 2301 erit.
589 2256 760 2300 minori
793 2256 942 2300 aetati
974 2256 1165 2302 nucleos
1196 2255 1297 2313 XV,
1326 2256 1502 2313 piperis
1537 2256 1755 2316 <gi-ana>
1786 2255 1873 2299 XV

187 2323 335 2368 dabis.
386 2337 544 2367 semen
576 2323 673 2379 apii
697 2322 863 2366 tritum
885 2325 1102 2379 potatum
1127 2323 1331 2367 calculos
1364 2323 1555 2379 frangit.
1599 2322 1873 2379 ligusticum

186 2393 370 2434 coctum
418 2406 522 2434 cum
569 2405 692 2446 aqua
740 2391 903 2433 datum
945 2390 1121 2433 bonum
1163 2392 1246 2434 est.
1301 2390 1596 2434 decrescente
1635 2389 1747 2432 luna
1775 2387 1870 2432 die

305 2565 328 2603 1
363 2561 526 2616 utique
560 2532 670 2619 (uq3)
696 2562 733 2605 b.
917 2566 942 2603 3
982 2576 1061 2605 roe
1094 2564 1119 2606 b
1146 2562 1257 2618 (nisi
1285 2561 1320 2615 f.
1352 2562 1438 2605 vol.
1471 2557 1868 2617 pffi=p0tione>

185 2623 212 2661 4
245 2622 434 2663 emanat
468 2622 506 2664 b.
632 2625 655 2663 7
689 2619 883 2676 caprinu
917 2622 941 2665 b
974 2624 1047 2679 (sc.
1083 2622 1357 2677 caprarum).
1493 2625 1518 2664 8
1551 2618 1708 2663 ieiuno
1742 2620 1780 2662 b.

187 2682 211 2720 9
246 2681 435 2722 611111111113
467 2681 505 2723 b.
589 2685 645 2723 10
676 2678 855 2723 bibant.
896 2682 979 2734 (sec
1011 2684 1057 2735 b,
1090 2694 1172 2724 om.
1207 2681 1337 2747 quale
1367 2682 1445 2735 v..)
1532 2683 1586 2722 17
1621 2678 1797 2722 amonii
1829 2677 1867 2720 b.

185 2740 241 2778 20
274 2736 382 2779 111116
413 2737 628 2782 valitudo
662 2740 699 2782 b.
883 2744 937 2782 22
962 2742 1068 2784 hinc
1098 2754 1196 2784 vere
1227 2740 1394 2795 incipit
1424 2752 1523 2795 cap.
1557 2738 1765 2782 additum
1794 2735 1869 2779 De

186 2795 423 2838 cauculo
456 2802 587 2853 atque
618 2799 705 2841 huc
728 2799 927 2853 pertinet
957 2800 1142 2844 rubrica
1173 2800 1225 2842 in
1250 2800 1274 2842 b
1300 2799 1430 2855 lonyo
1455 2802 1559 2841 ante
1584 2797 1750 2853 posita.

186 2858 241 2896 23
275 2853 493 2896 6611611106
519 2856 556 2898 b.
721 2860 778 2898 24
808 2858 916 2902 haec
945 2860 1077 2903 uncis
1108 2859 1260 2902 delevi
1425 2860 1480 2899 28
1512 2868 1661 2912 grana
1692 2852 1868 2898 addidi.

187 2915 242 2955 30
266 2912 421 2955 nuclei
452 2913 537 2956 XV
559 2913 735 2969 piperis
766 2914 853 2959 XV
884 2918 921 2960 b.
1045 2922 1099 2960 31
1133 2916 1293 2961 caulos
1325 2917 1363 2960 b.
1463 2913 1739 2959 levesticum
1770 2912 1807 2955 b.

1956 214 1988 261 ³¹.
