1950 3172
780 99 1050 185 rnrsreA.
1165 141 1170 146 ’
1202 142 1207 146 ·
1402 203 1406 207 .
1650 94 1785 188 255*

0 207 41 278 {⁴3

226 280 348 329 haee
396 277 821 346 epilemptieorum
868 282 1135 342 praecepta
1184 291 1243 325 ex
1296 273 1501 340 probata
1552 273 1764 323 remedii

82 363 204 404 veura
235 350 488 420 disposita,
519 351 694 403 deinde
718 351 909 416 reliqua
931 357 988 400 nt
1017 356 1190 416 potero
1214 363 1334 414 vaga
1365 354 1415 398 et
1445 347 1763 397 disseminata

81 427 300 476 remedia
339 426 604 491 designabo
643 425 845 476 collecta
869 463 880 474 .
905 463 916 474 .
943 463 954 474 .
1307 435 1316 444 ·

79 567 239 614 ordine
261 569 446 626 εἰωθυῖα
468 564 666 612 remedia
689 566 926 633 proponit)
954 565 982 610 l.
1007 579 1041 610 e.
1066 564 1174 610 haec
1196 565 1331 610 etiam
1347 564 1482 608 addit
1503 576 1617 620 quae
1632 563 1765 621 ὤργισ-

76 627 155 672 rat
176 627 271 672 eod.
295 626 362 672 B:
395 617 486 671 Cor
511 624 711 669 vulturis
733 626 898 668 tntum
929 637 1033 668 cum
1073 635 1196 680 aqua
1228 621 1363 666 dabis
1400 621 1566 666 bibere
1602 623 1649 665 et
1687 634 1761 664 sa-

31 718 36 723 .
76 683 228 730 nabis.
289 678 409 735 Item
445 683 646 728 vulturis
678 695 756 727 cor
787 685 834 727 et
873 695 984 740 epar
1015 684 1063 726 et
1099 681 1258 740 pulmo
1290 679 1385 725 levi
1414 694 1580 738 pruma
1615 693 1761 737 vapo-

77 745 239 787 rentur
282 745 330 788 et
377 744 678 787 conterantur
726 743 773 785 et
818 753 923 786 cum
971 739 1200 797 oxymelle
1251 738 1387 797 potui
1433 739 1544 784 dato
1598 738 1763 783 statim

76 801 353 860 epilempsia
385 800 648 846 excluditur
669 802 742 857 (ex
765 802 823 845 al.
848 800 882 855 f.
908 799 1062 856 fonte).
1095 800 1152 855 cf.
1186 799 1319 844 Ptin.
1344 801 1419 855 30,
1441 801 1522 845 22.

195 879 218 920 1
252 876 408 939 exact
437 871 497 920 Β.
619 877 645 917 3
677 872 876 918 collecta
900 872 1159 930 designabo
1190 871 1311 939 Nero.

193 1051 274 1096 Ex
319 1052 412 1096 cod.
454 1051 605 1108 Luqd.
646 1051 753 1095 Bat.
794 1050 916 1095 Voss.
958 1051 1035 1094 lat.
1076 1050 1154 1104 fol.
1183 1052 1242 1093 85
1267 1049 1359 1115 sad
1396 1049 1531 1103 finem
1568 1061 1666 1113 qap.
1706 1047 1765 1091 de

80 1110 372 1177 epilempticis
403 1111 509 1155 libri
525 1110 626 1176 HJ.
649 1107 941 1176 Ps3Galem')
967 1110 999 1163 f.
1021 1112 1091 1153 70:
1126 1109 1152 1164 (.
1239 1108 1361 1174 s1cut
1386 1120 1526 1163 supra
1553 1105 1761 1149 diximus

75 1166 1336 1283 {31232215333u3252322.2213?3..ff-{ssssssffisseissfffflffi
1371 1178 1553 1268 Βέῗῗιῗ
1575 1177 1764 1267 αξέῗιῖῗὲ

75 1286 322 1342 parietum.
363 1287 410 1330 et
434 1285 491 1329 de
516 1290 716 1330 stercore
742 1285 869 1328 canis
894 1284 1143 1342 fumigium
1165 1283 1267 1328 fieri
1291 1284 1487 1328 constat.
1530 1284 1577 1326 et
1601 1283 1761 1326 acacie

74 1359 350 1416 pu1(verem)
383 1358 422 1402 si
454 1355 575 1403 cum’
590 1371 713 1414 aqua
752 1358 908 1402 calida
948 1357 1223 1415 acceperint.
1288 1357 1399 1400 dum
1431 1356 1629 1412 correpti
1659 1356 1758 1399 fue-

75 1417 172 1461 rint
210 1417 430 1462 continuo
467 1417 741 1462 liberantur,
803 1416 890 1461 Cor
926 1416 1126 1460 vulturis
1171 1416 1336 1459 tritum
1382 1429 1437 1459 ex
1484 1429 1608 1470 aqua
1646 1414 1763 1458 dato*

75 1476 251 1521 bibere.
299 1478 347 1520 et
376 1488 484 1520 mox
515 1475 769 1519 sanabitur.
832 1476 950 1519 Item
980 1474 1180 1519 vulturis
1212 1488 1290 1518 cor
1320 1475 1368 1518 et
1399 1487 1523 1530 epar.
1580 1475 1627 1517 et
1654 1473 1763 1530 pul·
1826 1490 1830 1494 ·

76 1549 187 1579 mon
229 1534 325 1579 leni
363 1549 513 1591 pruna
550 1536 813 1591 vaporetur.
862 1536 910 1578 et
948 1533 998 1577 in
1036 1547 1181 1576 unum
1224 1532 1477 1577 contritum
1516 1546 1622 1575 cum
1661 1531 1759 1575 oxi-

74 1593 217 1638 melle
246 1593 381 1651 potui
412 1594 537 1638 dato.
586 1593 747 1637 statim
780 1592 1052 1649 epilempsia
1081 1591 1354 1637 excluditur.
1403 1591 1477 1636 Sic
1510 1590 1758 1648 coagulum

79 1652 251 1709 leporis
269 1651 317 1695 in
334 1653 523 1696 modum
547 1651 683 1708 grani
705 1651 838 1696 herbi
854 1665 936 1708 per
960 1651 1071 1695 dies.
1090 1651 1230 1695 XXX.
1246 1650 1373 1694 horis
1396 1649 1763 1697 matutinalibus

76 1711 395 1755 ministratum
441 1710 743 1767 epylemticos
795 1709 1029 1754 liberabit.
1093 1711 1330 1766 expertum
1378 1710 1450 1753 est
1495 1710 1543 1753 et
1590 1707 1759 1765 peonie

78 1769 216 1814 radix
248 1769 287 1813 si
317 1769 526 1821 lunatico
559 1769 669 1812 dum
701 1768 950 1825 correptus¹
974 1768 1116 1812 fuerit
1146 1768 1321 1812 iacenti
1351 1768 1401 1812 in
1433 1767 1552 1811 collo
1583 1767 1760 1824 ligetur

80 1828 242 1872 statim
275 1828 480 1887 sedebat.
513 1830 567 1871 ut
598 1842 738 1871 sanus
773 1829 820 1871 et
850 1827 1075 1883 quamdiu
1107 1841 1210 1871 eam
1240 1826 1447 1872 radicem
1487 1839 1643 1871 secum
1673 1826 1761 1869 ha·

39 1915 42 1917 Δ
76 1887 246 1989 bpfprit.
278 1899 535 1943 numquam
559 1886 602 1931 ei
627 1885 807 1942 aliquid
829 1886 1005 1930 malum
1029 1886 1211 1931 accidet
1240 1887 1328 1930 hoc
1353 1887 1569 1943 expertus
1595 1887 1761 1929 auctor

70 1959 106 1990 ¹a
159 1947 295 1990 rmat.

195 2004 407 2063 Sequitur
436 2004 555 2048 Item
586 2003 643 2047 de
668 2017 691 2048 e
726 2002 970 2059 ylemticis
1010 2002 1166 2048 Variis
1190 2003 1458 2048 nominibus
1489 2003 1574 2048 hec
1596 2002 1761 2060 passio

76 2064 350 2120 nuncupata
382 2064 454 2107 est
478 2099 486 2107 .
507 2098 546 2107 ..
573 2064 643 2118 <ex
723 2062 766 2108 h.
799 2061 874 2107 Ps.
899 2068 947 2118 2,
969 2065 1060 2120 15).

74 2191 161 2239 Eoe
211 2195 432 2252 reliqua
478 2192 844 2252 Physicorum
898 2194 1036 2240 libri
1077 2199 1243 2253 parte
1297 2195 1594 2253 deperdita
1640 2196 1760 2251 ipse

478 2251 798 2298 Theodorus
827 2254 960 2307 haec
989 2259 1363 2299 commemorat

71 2328 254 2386 praeter
284 2328 319 2371 cI
345 2327 410 2370 II
434 2327 554 2383 quod
583 2332 817 2372 servatum·
836 2333 899 2372 est
930 2327 984 2372 de
1015 2327 1319 2385 epilempticus,
1352 2326 1405 2372 de
1437 2341 1522 2384 quo
1552 2328 1618 2371 sic

704 2398 731 2445 1.
756 2399 824 2445 II.
860 2415 894 2446 e.
921 2404 980 2445 15
999 2402 1117 2458 (48).-

72 2510 83 2518 .
103 2511 112 2518 .
133 2508 142 2517 .
161 2473 299 2517 huius
332 2472 504 2518 etenim
536 2486 706 2518 causae
737 2473 1053 2532 magnitudini
1076 2472 1255 2518 maiora
1279 2474 1388 2518 sunt
1411 2475 1459 2517 et
1488 2472 1761 2529 frequentia

72 2530 308 2577 adiutoria
344 2530 646 2589 providenda.
708 2545 819 2576 nam
858 2546 997 2589 quam
1036 2532 1225 2590 plurimi
1265 2532 1568 2590 sapientiores
1608 2531 1754 2576 etiam

70 2590 323 2647 fysicorum
362 2590 598 2635 adiutoria
635 2589 958 2648 providerunt,
998 2590 1048 2635 in
1079 2591 1267 2648 quibus,
1307 2593 1361 2635 ut
1398 2591 1542 2635 etiam
1585 2595 1670 2635 no‘s
1700 2590 1752 2634 in

18 2695 21 2699 ,
68 2651 266 2693 nostro
304 2649 509 2693 libello
549 2649 857 2705 fysicorum
895 2650 1346 2708 comprehendimus,
1377 2663 1551 2708 magna
1590 2651 1638 2694 et
1673 2663 1754 2694 ve-

71 2706 164 2751 luti
192 2707 413 2765 religiosa
443 2708 650 2752 remedia
677 2722 994 2765 procuravere.
1257 2712 1259 2715 ’

714 2797 740 2841 z.
767 2798 891 2842 11¹0.
918 2802 972 2842 11
999 2801 1097 2853 (34)
1226 2841 1230 2846 .

460 2855 513 2900 de
542 2856 763 2914 satyrios-i
791 2856 859 2901 vel
889 2857 1205 2914 impedimento
1232 2869 1364 2906 usus.-

66 2903 145 2976 ζ..
165 2908 436 2986 reparatum
465 2927 721 2987 est-(virile
760 2928 980 2986 officium)
1014 2930 1061 2974 et
1097 2928 1256 2986 pipere
1295 2928 1468 2986 satyrio
1507 2931 1556 2975 et
1592 2933 1753 2974 scinco

0 3078 77 3172 if
