1950 3172
480 135 859 187 EUPORISTON
887 140 1315 184 PAENOMSNON.
1671 136 1744 189 45

82 343 86 346 .
209 298 314 348 ego
354 296 470 332 vero
510 281 796 352 saepissime
836 280 907 328 sic
947 294 973 327 e
1013 277 1214 328 naribus
1257 276 1461 342 polypos
1502 275 1744 325 cecidisse

0 421 2 427 Ι
64 356 280 425 probavi,
319 355 520 420 pulvere
560 369 619 403 ex
658 352 915 402 chalcitide
956 354 1082 416 misy
1121 353 1250 400 aeris
1286 351 1407 425 flore
1440 364 1594 414 aequa
1624 364 1745 414 pon-

0 453 3 458 ·
66 431 319 481 deratione
367 429 589 478 confecto
630 432 679 476 et
723 426 846 475 locis
893 425 1109 475 adhibito
1155 440 1244 490 per
1291 423 1571 490 cannulam,
1619 424 1747 472 sicut

10 534 11 538 =
67 506 297 570 superius
337 503 618 551 memoravi.

212 577 360 626 fetori
391 589 505 624 vero
536 575 731 623 narium
763 589 936 622 sucum
966 572 1176 622 hederae
1208 572 1494 636 frequenter
1525 570 1745 636 infunde,
1791 580 1811 612 5

4 667 9 712 Q,
69 657 118 700 et
155 651 443 700 draconteae
485 662 657 697 sucum
696 661 808 696 cum
847 646 990 695 melle
1032 646 1274 695 similiter.

3 770 9 874 k
92 817 113 820 ”
345 809 489 859 XIIII.
550 807 626 856 De
665 807 831 856 fluxu
871 809 1182 872 sanguinis
1222 809 1464 856 narium.

215 898 357 947 Prius
404 895 729 962 spathomeles
770 901 989 944 extremo
1029 897 1081 944 in
1119 895 1238 944 baca
1277 895 1415 944 molli
1453 896 1562 944 lana
1602 890 1838 945 obvo-44

1 998 6 1060 f
71 971 172 1022 luto
219 970 382 1035 glebas
431 971 681 1034 sanguinis
721 985 747 1018 e
794 969 996 1018 naribus
1044 970 1353 1033 frequentius
1399 984 1610 1033 purgare
1658 984 1748 1018 nos

2 1062 7 1101 ς-
76 1047 323 1110 convenit,
390 1050 502 1108 post
569 1043 678 1092 lana
748 1042 1014 1091 identidem
1078 1042 1350 1091 obturando
1412 1043 1816 1107 perclaudere.10

0 1106 7 1180 ἶ
75 1118 218 1168 aliud.
286 1117 487 1167 linteolo
528 1116 782 1166 combusto
824 1122 872 1165 et
912 1116 1075 1165 infuso
1116 1118 1167 1164 in
1214 1118 1316 1165 acri
1363 1122 1522 1181 actem,
1570 1122 1653 1165 aut
1699 1118 1751 1164 in

75 1207 192 1241 suco
247 1191 474 1256 polygoni
527 1190 730 1256 herbae,
785 1195 867 1238 aut
917 1191 1065 1238 ocimi
1110 1190 1186 1239 vel
1233 1192 1370 1254 porri
1418 1191 1612 1255 sectivi,
1669 1196 1752 1238 aut

0 1181 5 1359 ᾗ
75 1264 346 1329 arnoglossi
385 1264 625 1314 similiter.

0 1394 4 1411 ι

218 1353 333 1387 sane
380 1340 423 1386 si
476 1339 553 1387 his
601 1338 856 1386 adiutoriis
905 1339 1199 1401 contemptis
1248 1340 1501 1402 sanguinis
1549 1338 1749 1386 fluentis

0 1415 3 1468 ἑ
72 1411 294 1460 molestia
331 1413 734 1477 perseveraverit,
775 1413 880 1459 sine
921 1426 1056 1459 mora
1097 1411 1487 1460 flebotomandus
1529 1413 1635 1460 erit.
1703 1417 1752 1459 et
1777 1420 1818 1452 15

193 1616 215 1653 1
249 1624 355 1667 ego:
387 1612 495 1654 haec
526 1611 757 1655 Galeriicis
788 1611 920 1655 addit
951 1613 1046 1666 ipse
1085 1611 1160 1655 Th.
1195 1613 1264 1667 (at
1288 1613 1330 1666 Ι,
1362 1614 1454 1667 32).
1580 1610 1753 1667 saepis-

76 1669 191 1713 sime
222 1671 279 1714 rb
298 1670 415 1714 Gal:
449 1683 530 1713 om.
565 1670 622 1713 B.
833 1674 858 1712 2
892 1683 948 1712 ex
979 1669 1146 1714 calcite
1179 1672 1300 1726 (——te
1332 1672 1371 1727 r)
1403 1671 1482 1715 rB
1503 1670 1620 1715 Gal:
1660 1670 1754 1713 cal—

74 1727 185 1771 citei
217 1729 254 1772 b.
375 1727 495 1783 mysi
523 1727 639 1772 Get:
672 1741 852 1784 myseos
886 1730 924 1784 b,
956 1728 1097 1772 misso
1130 1730 1189 1784 B,
1220 1729 1392 1773 misceo
1425 1745 1461 1774 r.
1597 1734 1622 1772 3
1649 1730 1753 1772 et—

0 1815 1 1828 2
76 1789 136 1842 (6)
170 1786 385 1830 simfliter
415 1801 498 1831 om.
530 1787 587 1830 B.
740 1792 766 1829 4
799 1786 919 1831 sicut
951 1802 983 1832 s,
1018 1803 1076 1833 m.
1110 1789 1272 1833 rGel.:
1306 1802 1387 1833 om.
1423 1790 1464 1843 b,
1496 1789 1575 1845 qai
1605 1794 1756 1832 tamari

0 1847 2 1885 ἒ
75 1846 172 1889 alia
208 1846 443 1903 sabiwnyit
473 1846 576 1902 (per
605 1860 643 1890 v.
672 1848 715 1901 6)
747 1845 938 1889 Portum
978 1846 1207 1904 virginem
1243 1853 1320 1892 etc.
1361 1849 1540 1892 diversa
1577 1848 1651 1891 hic
1683 1849 1756 1903 (θα)

0 1919 2 1953 5
73 1904 148 1948 Ps.
192 1904 357 1960 Plinio)
390 1905 493 1948 add.
519 1918 555 1947 r.
649 1904 856 1960 superius
881 1920 930 1950 r:
964 1920 1103 1963 supra,
1138 1907 1232 1951 Get.
1356 1911 1470 1950 5—6
1494 1908 1602 1950 haec
1633 1907 1757 1963 (post

1 2007 3 2009 .
75 1963 345 2019 memoravi)
376 1964 498 2007 solas
528 1963 651 2007 dedit
686 1963 779 2007 Get.
794 1999 808 2018 ,
839 1979 951 2020 quae
983 1967 1304 2010 additamentis
1341 1967 1471 2009 modo
1501 1966 1758 2010 memoratis

0 2067 2 2073 ,
73 2023 262 2066 subiecit
287 2024 335 2076 b,
364 2023 430 2066 sic
462 2023 628 2078 leyens:
659 2021 873 2065 Fetorem
902 2037 1018 2067 vero
1049 2040 1092 2068 n.
1128 2024 1380 2082 compescis
1414 2024 1454 2068 si
1484 2025 1527 2068 h.
1564 2039 1597 2068 s,
1630 2024 1660 2069 f.
1687 2023 1756 2067 in-

0 2130 4 2134 *
75 2079 231 2130 fundis
255 2081 302 2123 et
325 2080 579 2141 dragonteg
606 2094 638 2124 s,
666 2094 702 2124 c.
727 2095 785 2124 m.
820 2095 853 2125 s.
881 2084 978 2138 (om.
1003 2083 1112 2139 rB).
1319 2089 1342 2127 7
1374 2083 1559 2126 narium
1589 2098 1615 2126 r
1634 2084 1755 2128 Get:

77 2152 237 2182 earum
266 2139 373 2182 XIII
403 2140 448 2182 B
480 2140 600 2194 (item
624 2140 702 2195 qui
725 2154 806 2184 om.
839 2142 1092 2197 rubricam,
1123 2145 1176 2186 iri
1198 2143 1293 2187 ind.
1313 2144 1562 2199 praemisso
1589 2144 1683 2187 b=
1702 2145 1755 2197 r).

79 2200 106 2239 8
139 2197 397 2254 spatomele,
435 2198 485 2240 in
523 2199 724 2242 extremo
763 2198 894 2242 molli
932 2199 961 2244 1.
1003 2201 1226 2245 obvoluta
1261 2202 1378 2258 aaz„
1419 2203 1566 2245 strato
1605 2200 1757 2245 mellis

0 2303 1 2306 ,
80 2258 150 2310 (ut
180 2257 229 2309 Ι,
262 2258 335 2312 37)
382 2257 586 2300 extremo
633 2256 683 2299 in
726 2255 896 2301 bacula,
923 2260 929 2315 1
956 2273 1018 2302 na
1069 2259 1202 2304 molli
1249 2260 1470 2304 obvoluto
1502 2262 1572 2315 B,
1621 2261 1756 2317 spato

79 2313 197 2357 mele
230 2317 433 2358 extremo
465 2314 515 2357 in
545 2329 664 2359 uaca
693 2315 825 2359 molli
854 2317 966 2361 lana
998 2332 1036 2363 o.
1069 2335 1106 2373 r,
1140 2321 1241 2363 sato
1272 2319 1425 2363 mellis
1465 2320 1515 2362 in
1553 2321 1758 2363 extremo

79 2372 212 2416 molli
240 2372 270 2417 1.
313 2373 535 2418 obvoluto
574 2376 599 2418 b
646 2375 845 2432 (μηλωτῇ
885 2375 1009 2431 ἔριον
1059 2374 1226 2436 ἐχούσῃ
1275 2377 1581 2437 βεβρεγμένον
1622 2377 1760 2421 ὕδατι

78 2446 144 2489 9r.
171 2447 220 2488 p.
255 2435 362 2487 338,
394 2438 416 2476 1
451 2433 508 2487 cf.
544 2433 646 2478 Gal.
680 2434 799 2489 XII,
830 2437 951 2492 691).
1214 2442 1240 2480 9
1272 2436 1560 2492 frequentius
1595 2439 1619 2480 b
1641 2436 1759 2481 Get:

79 2504 162 2535 om.
196 2491 284 2535 Br.
409 2495 463 2534 10
494 2491 791 2548 perclaudere
822 2495 882 2538 rb
902 2495 1017 2540 Geb:
1057 2495 1329 2552 procludere
1361 2496 1418 2541 B.
1542 2499 1595 2538 11
1629 2493 1760 2538 aliud

0 2600 1 2603 Ἰ
80 2550 176 2605 (sic)
208 2550 286 2594 rB
307 2550 422 2595 Gel.:
458 2552 504 2594 et
535 2552 573 2594 b.
755 2553 993 2597 combusto
1027 2556 1074 2598 et
1104 2555 1183 2598 rB
1203 2555 1320 2600 GeL:
1354 2569 1434 2599 om.
1469 2555 1494 2598 b
1519 2554 1760 2610 (στρεπτὸν

0 2658 2 2667 1
78 2607 256 2662 καύσας
284 2611 385 2666 9r.).
507 2609 557 2652 in
582 2623 621 2654 a.
657 2610 771 2677 ng
790 2613 872 2654 aut
903 2611 953 2655 in
985 2626 1024 2657 a.
1050 2628 1076 2657 r
1096 2612 1190 2658 Gez.
1315 2618 1367 2656 12
1399 2612 1638 2671 poligonie
1665 2613 1759 2657 bB.

0 2715 2 2729 ι
79 2697 163 2763 aut
186 2696 325 2740 ocimi
347 2697 423 2741 vel
438 2713 481 2754 p.
501 2713 539 2754 r,
564 2699 647 2741 aut
671 2679 819 2743 ocin¹a0
852 2701 935 2743 aut
964 2716 1008 2757 p.
1036 2702 1107 2757 br,
1141 2702 1223 2744 aut
1255 2701 1377 2758 cymi
1406 2701 1483 2745 vel
1504 2717 1548 2759 p.
1575 2702 1645 2758 B,
1680 2704 1762 2746 aut

80 2767 229 2799 cimae
260 2771 304 2812 p.
341 2757 435 2801 G-el.
559 2759 641 2800 aut
673 2758 933 2814 arnoglossi
966 2759 1164 2817 (—glosi
1196 2762 1271 2817 br)
1305 2762 1365 2806 br
1384 2761 1502 2806 Gale
1534 2774 1616 2805 om.
1643 2762 1701 2806 B.

0 2821 3 2850 ῐ
80 2817 136 2857 14
176 2816 655 2872 sane—perseverarit
693 2819 752 2861 rb
772 2818 867 2863 aaz.
910 2820 1020 2874 (nisi
1058 2820 1177 2877 quod
1213 2821 1273 2864 rb
1313 2833 1394 2865 om.
1444 2819 1670 2877 fluentis):
1723 2820 1763 2863 si

0 2857 4 2953 ἑ
35 2932 38 2934 Ὗ
77 2874 478 2979 Ῑέθῖεθῖῗέανθᾶἰῑῖή
508 2876 590 2931 (sic
621 2877 903 2935 simpliciter)
927 2878 984 2923 B.
1076 2877 1149 2921 his
1183 2879 1208 2923 b
1228 2878 1348 2925 Gel.:
1382 2893 1463 2925 om.
1497 2894 1533 2924 r.
1630 2884 1684 2924 15
1716 2882 1764 2923 et

0 2956 3 2982 ε
31 2959 34 2964 ·
173 2950 183 2978 :
287 2948 333 2976 m
413 2948 464 2979 er.

0 2998 3 3030 Ι
32 3002 41 3021 ¹⁴
