1988 3184
817 150 1129 195 eYNAEOIA.
1707 151 1818 205 453

137 282 301 338 partus
326 281 463 326 datus
496 281 668 339 septies
714 282 864 327 inVII.
875 295 1033 327 mense
1044 295 1243 326 nascun-
1288 296 1399 326 nam
1453 284 1501 327 et
1547 297 1626 327 cor
1670 283 1819 341 ipsius

137 339 494 397 multiplicatur.
534 354 668 397 opor·
712 343 802 386 tur.
859 341 940 397 qui
994 343 1152 386 autem
1193 340 1244 384 in
1290 341 1426 397 quasi
1453 356 1651 399 granum
1672 357 1819 400 papa-

137 401 210 443 tet
240 412 351 456 ergo
375 413 667 456 quacumque
713 400 805 445 XL.
832 400 908 445 die
927 399 1167 445 formatur.
1193 400 1244 443 in
1288 400 1411 445 veris
1493 401 1820 458 magnitudine

103 463 108 467 '
140 457 246 502 diae
255 458 444 501 XXXmo
467 458 666 503 inutero
712 459 858 504 VIIII.
872 472 1029 503 mense
1044 472 1242 503 nascun-
1290 459 1570 504 existimavi.
1613 460 1698 504 hos
1739 475 1820 505 au-

139 519 350 561 materno
370 517 571 574 figuram
585 516 667 561 ho·
712 521 803 566 tur.
1288 520 1386 562 tem
1400 532 1617 563 numeros
1641 521 1695 563 ut
1713 534 1820 576 par-

136 575 276 620 minis
321 576 532 633 accipere
565 589 667 632 sep·
1288 579 1365 620 tus
1427 577 1595 621 edatur
1645 578 1817 635 septies

137 634 254 679 timo
307 648 466 679 mense
519 634 664 680 nasei.
1288 635 1604 692 multiplicare
1615 639 1814 693 oportet,

135 751 227 796 ties
265 751 583 808 multiplicati.
616 752 668 794 fi-
1288 753 1477 796 XXXmo
1494 753 1544 797 in
1567 756 1700 798 utero
1723 769 1822 798 ma<-

135 813 223 855 unt
269 810 426 855 OQX.
476 811 516 854 si
562 810 667 866 quis

137 872 295 914 autem
335 869 411 913 die
441 869 583 912 XLmo
615 869 667 911 fi-

135 942 302 986 guram
316 927 519 971 hominis
537 941 668 971 acce-

134 986 259 1044 perit
317 1000 441 1031 nono
509 1000 667 1030 mense

134 1047 342 1090 intrante
402 1045 506 1088 Xmo
586 1044 667 1100 qui

134 1104 371 1149 XLVHties
437 1103 668 1160 multipli-

137 1163 245 1208 cati.
349 1163 468 1206 fiunt
567 1162 667 1206 dies

138 1221 419 1267 CC.LXXX.
476 1220 557 1276 qui
598 1220 667 1264 fa-

1287 814 1421 856 terno
1445 812 1643 869 figuram
1673 813 1822 857 homi-

1287 870 1360 913 nis
1394 871 1581 927 accipit,
1619 871 1820 928 septimo

1287 943 1446 973 mense
1469 932 1703 975 nascatur.
1733 930 1819 974 hos

1290 987 1390 1031 dies
1440 988 1612 1044 septies
1663 989 1824 1033 multi-

1287 1045 1503 1103 plicabis,
1538 1049 1585 1091 et
1613 1047 1822 1091 efficiun-

1288 1108 1366 1149 tur
1405 1104 1518 1150 dies.
1562 1105 1687 1150 CCX.
1740 1105 1822 1161 qui

1289 1164 1408 1208 fiunt
1423 1178 1605 1208 menses
1627 1167 1820 1221 septem.

1290 1222 1372 1278 qui
1410 1222 1550 1265 XLmo
1594 1223 1668 1267 die
1704 1224 1822 1279 figu-

1289 1295 1391 1324 ram
1436 1281 1639 1325 hominis
1691 1296 1822 1326 acce-

1289 1339 1434 1396 perit,
1488 1354 1611 1383 nono
1663 1354 1822 1384 mense

1290 1399 1512 1454 intrante,
1541 1398 1720 1442 decimo
1747 1399 1823 1442 die

1289 1456 1511 1500 nascitur.
1523 1457 1695 1512 septies
1706 1457 1824 1500 mul-

1290 1514 1531 1571 tiplicabis
1551 1515 1663 1571 dies,
1682 1516 1826 1560 effici-

1291 1575 1444 1618 untur.
1465 1573 1714 1619 COLXXX.
1744 1575 1826 1630 qui

1291 1632 1410 1676 fiunt
1459 1646 1640 1676 menses
1679 1633 1826 1677 VHII.=

1292 1691 1452 1746 itaque
1479 1690 1553 1734 die
1571 1691 1613 1734 X
1629 1693 1682 1735 ut
1707 1691 1825 1735 dixi-

1290 1764 1410 1806 mus,
1420 1749 1618 1806 septimo
1633 1752 1715 1793 aut
1723 1750 1826 1793 Xmo

138 1281 269 1325 ciunt
309 1293 490 1324 menses
530 1279 669 1323 VIHI

138 1342 186 1384 et
230 1339 329 1383 dies
368 1339 422 1381 X.
469 1338 552 1381 sed
595 1337 669 1380 illi

137 1398 219 1454 qui
236 1397 435 1454 septimo
452 1396 555 1440 nati
570 1395 669 1439 fue-

137 1458 246 1500 rint.
330 1455 500 1500 vitales
575 1468 670 1498 non

138 1517 275 1560 erunt
313 1514 425 1570 quia
460 1527 554 1557 non
583 1513 669 1556 im-

137 1575 386 1632 pleverunt
490 1571 669 1628 legitti-

136 1648 266 1678 mum
294 1633 483 1689 partum
510 1644 669 1674 nume-

138 1707 242 1736 rum
266 1704 403 1747 super
432 1689 668 1746 scriptum.

140 1753 189 1795 et
218 1751 326 1794 ideo
350 1763 444 1793 non
472 1750 581 1791 sunt
604 1747 669 1791 le-

135 692 306 737 ΧΧΧῐει
360 695 519 737 autem
566 707 667 750 sep·
1289 694 1358 738 ita
1376 697 1430 738 ut
1446 695 1725 751 quicumque
1744 695 1820 739 die

140 1808 332 1866 git-timi.
691 1795 695 1855 3

1291 1822 1450 1852 mense
1474 1807 1555 1863 qui
1571 1811 1826 1853 nascuntur

1291 1866 1463 1911 vitales
1497 1869 1644 1912 erunt.

200 1959 291 2013 (20)
317 1954 428 2011 quia
444 1954 477 1998 Ι.
498 1952 670 1997 mensis
806 1954 897 2008 (20)
946 1951 1247 1996 manifestum
1383 1957 1474 2011 (20)
1523 1954 1826 1999 manifestum

141 2016 338 2073 generat
381 2012 669 2069 sanguinem.
693 2003 696 2086 1
718 2012 790 2054 est
814 2010 939 2054 enim
968 2010 1173 2055 infantes
1197 2011 1247 2054 in
1294 2015 1366 2057 est
1381 2013 1611 2057 infantem
1626 2013 1676 2057 in
1692 2016 1825 2058 utero

140 2075 196 2119 H.
213 2072 558 2130 expressionem
574 2085 672 2114 cor·
694 2092 696 2121 ;
718 2071 850 2113 utero
911 2072 1123 2113 materno
1177 2069 1247 2113 ita
1270 2098 1272 2121 ,
1292 2072 1581 2128 temporibus
1635 2072 1824 2118 firmari.

140 2132 281 2189 poris.
297 2132 543 2174 III.mense
561 2129 673 2184 quia
718 2127 922 2172 formari.
945 2128 1094 2184 primo
1123 2127 1248 2171 enim
1295 2131 1558 2185 quomodo?
1574 2130 1820 2175 intendite.

142 2194 254 2235 tunc
285 2189 414 2246 prius
446 2188 672 2231 formatus
718 2199 874 2230 mense
889 2186 1040 2230 iactus
1059 2186 1248 2252 seminis
1293 2188 1444 2245 primo
1482 2203 1640 2233 mense
1671 2189 1824 2232 iactus

143 2248 381 2293 invenitur
393 2246 548 2290 infans
566 2260 673 2289 con·
720 2247 1033 2301 congregatur
1069 2260 1120 2287 in
1150 2260 1249 2288 um·
1296 2247 1485 2291 seminis
1527 2247 1677 2291 nostri
1720 2250 1827 2304 (iffi)

319 2321 401 2365 IV
413 2320 492 2375 (P)
928 2318 1058 2373 ΠΟ)
1481 2321 1554 2365 VI
1573 2321 1657 2377 (B)

143 2483 455 2540 congregatus
503 2478 707 2536 sanguis,
754 2477 991 2521 Secundus
1037 2477 1209 2522 mensis
1256 2480 1565 2535 expressionis
1606 2481 1825 2538 corporis.

143 2541 328 2586 Tertius
360 2538 475 2595 quia
504 2537 731 2581 formatus
763 2535 1000 2581 invenitur
1031 2538 1079 2580 et
1109 2539 1359 2594 conceptus
1390 2538 1583 2584 tribuat.
1623 2540 1826 2593 Quartus

142 2599 313 2658 unguit
358 2599 407 2642 et
445 2595 641 2652 capillos
679 2594 809 2638 ducit
854 2597 1009 2639 cutem
1050 2597 1098 2639 et
1134 2597 1314 2639 motum
1350 2596 1479 2643 facit.
1520 2600 1568 2642 et
1605 2598 1825 2644 mulieres

142 2658 423 2703 nausiantur
452 2654 534 2711 qui
570 2655 759 2711 partum
790 2653 945 2698 abent.
988 2652 1188 2706 Quintus
1226 2655 1398 2699 mensis
1430 2656 1548 2701 facit
1586 2660 1830 2702 caractara

145 2711 277 2762 cuius
312 2717 449 2772 pater
478 2712 556 2758 vel
592 2714 744 2756 mater
783 2711 962 2756 similis.
1004 2711 1170 2756 Sextus
1208 2713 1381 2757 mensis
1415 2713 1503 2774 <in
1531 2730 1622 2761 ras.
1656 2717 1828 2762 aducet

142 2789 390 2820 nervorum
417 2770 828 2816 confirmationem.
863 2769 1132 2831 Septimus>
1165 2771 1292 2829 [haee
1314 2774 1367 2817 in
1395 2788 1536 2832 mara.
1569 2776 1675 2820 add.
1708 2789 1822 2821 corr.

139 2833 352 2879 'medulla
397 2829 694 2896 consolidat}
748 2828 951 2876 Octavus
997 2829 1169 2873 mensis
1225 2844 1331 2875 ossa
1377 2832 1620 2878 confirmat
1663 2834 1827 2878 Nonus

143 2892 317 2938 mensis
346 2891 530 2934 maturo
560 2889 711 2932 movit
739 2892 891 2935 mater
911 2887 1141 2933 infantem
1164 2888 1308 2934 etiam
1338 2903 1444 2934 cum
1465 2893 1592 2937 terra
1613 2892 1830 2950 tetigerit

144 2965 309 2998 vocem
338 2949 438 2995 eius
468 2947 621 3006 prima
654 2947 786 3003 (haec
814 2950 979 2996 ultima
1007 2961 1063 2993 ex
1094 2962 1131 2993 c.
1153 2951 1248 3005 21).
