1988 3184
171 140 284 194 344
735 137 1318 182 PsEUDo-'mnonom

171 273 284 318 bere
314 274 556 317 menstrua
587 269 836 316 consuerit.
878 269 968 314 hoc
1000 271 1049 314 et
1086 268 1280 314 noxium
1310 282 1519 314 umorem
1549 269 1760 315 matricis
1791 284 1872 316 ex-

175 340 335 385 siccat.
381 338 595 396 puleium
633 351 865 394 acapnum
897 338 980 387 aut
1010 335 1163 380 viride
1203 350 1309 380 cum
1345 350 1505 380 murra
1535 337 1659 382 teres
1692 339 1740 382 et
1769 353 1870 383 mu·

171 406 278 451 lieri
319 405 535 450 subicies.
584 404 740 449 violae
772 403 983 460 seminis,
1029 416 1215 447 murrae
1254 416 1347 447 ana
1378 413 1436 451 ÷
1459 403 1481 446 Ι
1513 402 1653 448 simul
1689 405 1789 450 tere
1821 406 1872 450 et

174 486 280 517 cum
311 471 411 516 vini
443 469 685 527 quartario
717 470 875 527 misce,
909 471 957 515 et
986 468 1122 527 potui
1146 469 1280 514 dato.
1316 468 1358 513 si
1388 471 1548 513 autem
1577 471 1763 526 partum
1791 484 1870 516 ex-

127 551 149 584 5
177 541 334 583 cutere
365 537 572 583 volueris
588 574 599 595 ‚
633 536 862 595 superiori
892 536 1077 594 potioni
1107 535 1283 594 piperis
1315 549 1464 594 grana
1487 535 1530 580 V
1562 539 1646 581 aut
1668 537 1755 582 VII
1786 541 1870 584 aut

170 605 302 649 VHII
333 603 597 649 commisce.
644 604 821 649 herbae
852 603 1121 649 vettonicae
1152 602 1361 660 pulveris
1387 603 1509 661 scrip
1533 604 1599 647 III
1631 617 1737 648 cum
1765 605 1867 650 vini

176 671 327 716 dulcis
363 673 502 729 cyato
527 672 549 716 I
575 674 622 716 et
654 685 806 728 aquae
839 670 1023 715 calidae
1056 670 1206 727 cyatis
1230 670 1319 714 IIII
1347 670 1483 728 potui
1516 671 1597 729 da,
1628 674 1872 717 menstrua

176 738 379 783 deducit.
415 737 744 798 <artemisiam
773 737 938 782 tritam
970 752 1075 781 cum
1097 737 1263 782 hordei
1294 736 1449 782 farina
1481 752 1628 794 coque
1660 742 1708 783 et
1733 753 1871 796 super

171 806 408 862 pectinem
430 805 669 865 impone).
710 804 880 849 mulier
903 804 1045 848 facile
1072 807 1316 862 purgatur,
1351 804 1390 849 si
1414 804 1538 849 lauri
1561 805 1704 850 bacas
1729 805 1870 851 tritas

108 883 151 914 10
180 886 285 916 cum
314 871 426 917 vino
458 872 607 917 bibat.

322 991 400 1036 IV.
441 991 517 1035 De
552 990 832 1047 sanguine
863 989 1205 1035 menstruali
1240 989 1706 1048 constringendo.

293 1072 428 1126 Quod
460 1073 695 1128 quaedam
724 1072 892 1117 volunt
922 1071 1125 1116 feminae
1149 1085 1270 1127 quae
1297 1070 1388 1115 sibi
1416 1072 1656 1116 menstrua
1689 1069 1866 1115 differri

178 1137 450 1182 desiderant
479 1141 672 1195 propter
703 1138 913 1194 aliquam
941 1137 1263 1195 occupationis
1289 1152 1493 1195 causam,
1526 1151 1605 1182 eas
1629 1137 1713 1180 his
1727 1137 1869 1182 rebus

173 1204 434 1262 constringi
467 1207 665 1262 oportet.
714 1205 790 1249 fici
821 1205 938 1249 folia
971 1207 1158 1249 contere
1191 1207 1239 1249 et
1263 1219 1368 1249 cum
1398 1204 1499 1248 vini
1528 1204 1654 1261 nigri
1677 1203 1869 1249 hemina

101 1279 145 1312 15
175 1271 311 1328 potui
344 1271 470 1315 dato.
518 1271 636 1315 haec
667 1271 798 1328 potio
832 1271 976 1316 etiam
1006 1270 1287 1328 profluvium
1317 1270 1544 1328 reprimit.
1592 1271 1720 1315 item.
1749 1270 1866 1315 mali

168 1337 357 1394 granati
405 1336 627 1381 corticem
671 1340 795 1382 teres
843 1340 891 1382 et
937 1352 1097 1382 cernes
1147 1340 1195 1382 et
1240 1337 1359 1395 picis
1407 1339 1689 1382 tantundem
1726 1337 1777 1380 in
1816 1351 1865 1382 se

174 1403 500 1448 commiscebis
535 1406 582 1448 et
614 1417 670 1448 ex
702 1418 756 1449 eo
789 1406 1018 1461 quantum
1040 1405 1192 1449 tribus
1219 1404 1383 1462 digitis
1409 1405 1759 1462 apprehendere
1782 1418 1865 1461 po-

172 1468 287 1513 teris
328 1469 378 1513 in
416 1470 516 1515 vini
556 1470 723 1527 optimi
764 1472 811 1515 5³8
835 1471 879 1515 Π
909 1471 1150 1529 infundes,
1199 1474 1247 1516 et
1294 1471 1462 1516 exinde
1504 1471 1691 1529 singula
1730 1486 1868 1528 quar-

170 1535 295 1580 taria
326 1537 514 1581 mulieri
545 1537 681 1594 potui
715 1537 864 1582 dabis.
898 1538 1014 1582 item
1045 1538 1129 1596 git,
1161 1552 1346 1583 murrae
1383 1553 1474 1582 ana
1498 1550 1557 1587 —1
1580 1539 1602 1582 Ι
1627 1552 1731 1582 cum
1754 1537 1866 1582 vino

294 1703 316 1742 1
354 1699 494 1744 eiciet
525 1716 566 1745 a.
725 1706 750 1744 2
783 1701 1117 1758 puleium—(4)
1153 1702 1264 1745 dato
1297 1715 1380 1746 om.
1413 1718 1456 1746 a.
1609 1682 1791 1757 acapnfi
1824 1702 1862 1745 b.

175 1763 201 1801 3
233 1759 353 1802 Item
384 1774 425 1803 v.
462 1774 494 1804 s,
529 1775 569 1818 9.
694 1763 881 1805 contere
912 1777 952 1819 9.
1110 1766 1137 1804 4
1167 1760 1278 1805 vino
1311 1763 1350 1817 b,
1382 1760 1493 1805 vino
1525 1760 1674 1805 veteri
1705 1775 1744 1818 9.

176 1832 252 1872 qu,
287 1832 368 1862 om.
403 1834 442 1876 9.
641 1821 831 1876 partum
861 1836 947 1879 α9ε
982 1822 1087 1865 3-(3
1114 1820 1315 1878 (mulier)
1349 1821 1386 1865 b.
1571 1819 1784 1863 emittere
1816 1834 1865 1863 a.

176 1882 201 1919 5
236 1878 505 1933 supradicte
538 1894 567 1923 a
576 1894 616 1936 9.
771 1879 977 1935 quinque
1011 1882 1094 1923 aut
1123 1893 1294 1924 novem
1325 1895 1367 1923 α.
1513 1884 1538 1923 6
1570 1877 1786 1923 vetonice
1818 1880 1863 1923 b:

174 1935 391 1994 betonice
411 1953 440 1982 a
449 1952 489 1995 9.
583 1938 627 1982 11.
646 1953 688 1982 v.
708 1939 789 1996 (b.)
806 1938 962 1996 pulvis
989 1940 1013 1984 b
1021 1954 1070 1997 9,
1095 1938 1301 1995 pulveris
1326 1939 1371 1983 b.
1389 1953 1431 1983 α.
1516 1937 1616 1982 vini
1641 1937 1792 1981 dulcis
1817 1953 1863 1982 az

175 1993 285 2038 vino
321 1995 447 2040 dulci
478 2011 519 2055 9,
552 1996 662 2041 vino
697 1999 734 2042 b.
859 2000 905 2042 et
938 2012 978 2043 a.
1013 2012 1056 2053 q.
1091 1998 1240 2042 ciatos
1273 2013 1322 2043 a:
1356 2012 1397 2042 a.
1431 2011 1468 2042 c.
1502 1996 1651 2041 ciatos
1685 1999 1725 2054 b,
1758 2011 1798 2041 a.
1827 2010 1863 2041 6.

175 2053 313 2097 ciatis
346 2070 385 2113 9.
512 2061 536 2099 7
568 2056 704 2113 potui
738 2057 798 2100 da
831 2059 856 2102 b
889 2059 948 2114 (p.
984 2057 1147 2100 datum
1177 2059 1242 2115 9):
1280 2070 1362 2102 om.
1396 2073 1436 2102 a.
1559 2072 1619 2100 m.
1653 2055 1813 2100 educit
1836 2071 1866 2100 a

177 2116 279 2167 (om.
313 2125 375 2171 9).
500 2119 525 2158 8
560 2116 695 2172 (Item
727 2118 829 2161 add,
867 2120 913 2174 a)
946 2116 1284 2173 art—impone
1317 2131 1402 2174 ay:
1436 2130 1518 2160 om.
1553 2118 1591 2161 b.
1745 2119 1770 2158 9
1802 2130 1863 2159 m.

174 2172 290 2216 satis
325 2172 418 2218 cito
453 2176 500 2218 et
531 2174 561 2219 f.
595 2175 878 2232 purgabitur
909 2192 951 2221 α.
1074 2176 1213 2220 tritas
1247 2178 1333 2221 ba:
1367 2175 1545 2219 caricas
1577 2191 1616 2234 9.
1713 2178 1768 2218 10
1793 2173 1866 2218 bi-

175 2231 260 2274 bat
290 2248 377 2290 9αε
410 2235 544 2290 potet
577 2236 614 2279 b.
793 2240 843 2278 11
880 2235 978 2280 XV.
1012 2235 1081 2279 De
1115 2235 1344 2279 dilatione
1375 2233 1671 2292 purgationis
1703 2249 1742 2292 9.

174 2295 228 2333 12
263 2290 475 2344 Quedam
505 2292 678 2351 femine
713 2293 881 2338 volunt
906 2293 1082 2338 differri
1109 2294 1199 2338 sibi
1223 2293 1554 2351 purgationem
1583 2307 1668 2351 pro
1702 2292 1863 2348 aliqua

173 2363 212 2392 0.
248 2364 403 2395 causa.
436 2351 510 2395 his
544 2355 731 2409 oportet
762 2353 1136 2410 constringentia
1166 2353 1287 2398 talia
1320 2353 1423 2397 dari
1452 2368 1492 2411 9,
1527 2352 1740 2412 Qucgdam
1762 2366 1863 2395 mu-

172 2407 310 2453 lieres
345 2413 454 2455 sunt
486 2425 575 2466 que
609 2412 701 2456 sibi
739 2415 980 2457 menstrua
1011 2413 1178 2457 volunt
1219 2412 1414 2457 deficere
1452 2414 1643 2469 propter
1675 2426 1715 2456 a.
1750 2425 1790 2455 0.
1824 2424 1864 2454 6.

173 2482 263 2522 que
295 2469 369 2513 his
401 2470 540 2514 rebus
574 2485 610 2515 c.
646 2485 685 2515 0.
720 2487 761 2516 α.
887 2472 1072 2516 differre
1105 2475 1143 2517 b.
1268 2478 1323 2515 14
1354 2471 1430 2515 fici
1463 2473 1547 2517 ba:
1586 2471 1700 2514 ficus
1731 2486 1772 2529 9.

177 2530 231 2569 15
267 2528 327 2571 da
357 2543 398 2586 9.
582 2529 670 2574 1106
703 2530 851 2575 etiam
883 2547 925 2588 a,
957 2531 1046 2575 hoc
1079 2530 1224 2575 etiam
1256 2533 1303 2574 et
1333 2546 1373 2589 9.
1555 2530 1674 2574 Item
1705 2544 1787 2574 om.
1821 2544 1864 2573 a.

170 2616 284 2659 teris
317 2623 392 2661 etc.
422 2619 467 2662 b:
500 2619 600 2662 tere
631 2625 708 2664 etc.
731 2621 879 2677 (imp.)
899 2635 980 2678 α9.
1077 2625 1130 2664 16
1155 2619 1206 2663 111
1230 2618 1368 2663 simu]
1394 2635 1436 2664 a.
1529 2622 1585 2663 17
1611 2589 1817 2663 60111166ῗὲἲ
1836 2620 1861 2663 b

164 2705 290 2759 (——ce
324 2707 417 2762 α9).
572 2720 629 2750 ex
660 2721 715 2751 eo
747 2722 830 2753 om.
864 2723 904 2766 9.
1057 2710 1288 2764 quantum
1319 2724 1405 2767 ay:
1439 2689 1470 2765 (Ξ
1502 2710 1540 2753 b.
1692 2721 1858 2764 appre-

161 2761 366 2806 hendere
399 2764 445 2807 b:
479 2763 637 2809 levare
669 2781 712 2822 a,
746 2780 829 2811 om.
864 2782 904 2825 9.
1030 2772 1084 2811 18
1118 2766 1335 2811 sextariis
1369 2767 1551 2811 duobus
1583 2783 1633 2824 a,
1666 2778 1725 2815 -ἰ-
1747 2767 1791 2810 II
1814 2782 1857 2825 9.

166 2877 175 2885 ·
253 2822 300 2863 et
331 2821 465 2876 potui
497 2823 635 2867 dabis
670 2826 859 2870 breviter
882 2842 923 2870 α.
1017 2826 1260 2882 quartaria
1292 2828 1339 2871 b:
1371 2826 1484 2870 fiala
1513 2841 1554 2884 9.
1649 2831 1703 2870 19
1730 2826 1791 2869 da
1812 2841 1853 2884 9.

158 2880 278 2993 iterii,
310 2881 417 2982 1231?ng
426 2893 596 2995 ⁰32ng
659 2883 730 2939 git
762 2899 805 2940 a,
842 2883 962 2928 Gitti
988 2887 1027 2942 b,
1063 2884 1195 2942 Gripti
1218 2900 1258 2943 9.
1345 2900 1434 2943 pro
1466 2899 1557 2930 ana
1582 2886 1650 2931 bis
1671 2886 1805 2930 habet
1826 2899 1858 2929 α
