1950 3172
520 159 900 204 EUPORISTON
927 157 1353 200 FAENOMENON.
1703 153 1771 205 21

479 383 596 434 VIII.
658 383 734 433 De
773 384 1002 433 aurium
1042 383 1399 432 causatione.

252 473 456 524 Aurium
501 471 640 522 dolor
685 487 746 522 ex
789 473 938 521 variis
990 459 1274 536 frequenter
1325 461 1650 519 incommodis
1697 484 1779 517 ex-

106 550 298 599 citatur.
373 561 488 596 nam
527 551 576 595 et
612 546 767 610 frigus
807 551 856 595 et
900 545 1146 594 lavacrum
1187 546 1507 609 inportunum
1546 548 1595 592 et
1635 557 1779 607 quas—

106 624 229 672 satio
253 620 474 673 eiusdem
498 633 731 668 cavernae
755 618 832 667 vel
865 618 1084 667 sordium
1116 619 1454 683 conspissatio‚
1486 623 1568 666 aut
1592 616 1780 665 altioris

105 696 245 745 nervi
295 699 454 743 tactus
463 732 477 759 7
538 698 622 742 aut
673 707 763 756 per
814 691 1008 756 longam
1062 691 1420 756 aegritudinem
1474 706 1586 740 cum
1638 705 1782 739 umor

107 770 310 818 vitiosus
334 766 435 815 illic
459 771 748 830 aggregatus
772 765 936 831 fuerit,
960 780 1114 829 aeque
1138 765 1416 813 molestiam
1433 764 1635 814 auribus
1652 764 1780 812 facit.

253 842 295 889 si
334 840 393 888 de
426 839 609 903 frigore
648 838 849 888 auribus
883 840 1098 887 causatio
1130 838 1207 887 vel
1238 838 1377 886 dolor
1411 839 1690 903 emerserit,
1729 838 1782 884 in

106 913 213 963 oleo
255 927 405 978 cepas
452 913 598 976 coqui
644 911 815 978 facieS,
870 917 919 961 et
963 911 1185 976 tepidum
1231 911 1457 977 infunde,
1512 917 1596 959 aut
1640 912 1783 975 piper

102 989 274 1036 tritum
328 1000 439 1035 cum
494 985 600 1034 oleo
664 985 903 1034 similiter.
982 987 1053 1034 sic
1107 991 1156 1034 et
1209 990 1446 1051 rutatum,
1509 986 1580 1032 sic
1635 986 1782 1032 etiam

102 1061 347 1110 laurinum
390 1065 541 1108 curat.
1675 1070 1678 1071 ⁷

254 1135 296 1182 si
349 1132 408 1181 de
461 1147 633 1181 umore
687 1131 973 1181 balnearum
1026 1147 1169 1181 aures
1231 1132 1417 1180 fuerint
1469 1130 1784 1196 interclusae,

108 1207 270 1256 oleum
299 1205 521 1271 tepidum
553 1205 757 1255 infundo
791 1212 839 1254 et
870 1205 979 1255 lana
1009 1212 1121 1270 post
1151 1205 1287 1254 molli
1319 1205 1531 1255 eundem
1560 1219 1785 1253 umorem

110 1281 354 1344 detergeo,
430 1294 542 1328 nam
583 1285 631 1328 et
669 1295 900 1344 ceparum
933 1295 1104 1329 sucum
1137 1295 1248 1328 cum
1280 1281 1524 1328 anserinis
1558 1278 1783 1343 adipibus

225 1485 247 1524 1
282 1479 552 1524 causatione
574 1479 693 1524 VIII.
718 1480 763 1523 Β
788 1485 829 1524 et
859 1481 971 1535 (sine
1001 1481 1141 1536 num.)
1168 1480 1192 1523 b
1225 1481 1306 1535 (sic
1330 1485 1370 1523 et
1400 1493 1425 1524 r
1454 1480 1505 1523 in
1536 1480 1671 1536 ind.):
1706 1493 1786 1522 cu-

7 1547 9 1553 '
104 1539 287 1583 ratione
315 1539 408 1583 Gel.
442 1539 522 1583 hoc
544 1539 796 1595 capitulum
818 1539 1036 1582 insertum
1060 1538 1224 1596 leyitur
1247 1540 1299 1582 in
1323 1539 1437 1582 libro
1464 1538 1531 1581 ΙΙ
1547 1538 1786 1583 Praeticae

109 1612 230 1664 quae
267 1602 455 1642 vocatur
490 1597 691 1641 Oribasii
721 1598 833 1653 (lat.)
863 1598 945 1641 hoc
975 1597 1135 1662 pitulo.
1179 1596 1250 1641 LI.
1283 1596 1350 1640 De
1392 1595 1574 1639 aurium
1619 1610 1785 1640 causas

110 1655 257 1712 (-sis
302 1656 448 1712 Caret)
501 1655 714 1699 theodori
765 1654 989 1712 prisciani
1043 1655 1099 1698 de
1151 1653 1271 1699 libro
1324 1654 1474 1712 primo
1525 1654 1787 1712 capitulum

108 1716 325 1759 octavum
358 1715 468 1771 (cod.
502 1714 650 1769 Hafn.
688 1720 769 1759 vet.
808 1728 897 1772 rey.
929 1717 1071 1770 1653,
1104 1715 1159 1768 cf.
1189 1714 1447 1772 Cantabriy.
1485 1714 1569 1772 θ9.
1592 1715 1697 1760 ΙΙΙ.
1723 1717 1784 1759 32

10 1838 12 1841 Υ
107 1779 149 1818 et
163 1774 407 1818 Barberin.
433 1773 524 1828 IX,
549 1775 645 1830 29)
691 1779 946 1829 excerptum
975 1787 1185 1830 yraecum
1216 1774 1381 1830 leyitur
1411 1774 1537 1829 apud
1569 1773 1642 1817 Ps.
1680 1773 1784 1817 θαῖ.

108 1832 256 1887 XIV,
286 1835 391 1876 330.
553 1837 578 1875 2
613 1845 668 1875 ex
697 1831 840 1876 variis
871 1831 1135 1888 frequenter
1169 1831 1292 1878 Orib.
1324 1831 1490 1888 Hafa,
1521 1831 1664 1876 variis
1696 1832 1786 1875 fre-

108 1892 302 1947 quenter
335 1903 390 1934 ex
420 1890 485 1934 B:
520 1904 575 1934 ex
605 1890 747 1934 variis
780 1904 959 1947 semper
988 1892 1048 1935 rb
1084 1890 1178 1935 θεῖ.
1338 1895 1364 1934 3
1395 1904 1506 1934 nam
1535 1891 1589 1934 fit
1621 1904 1676 1934 ex
1706 1890 1786 1933 fri-

141 1963 218 1993 ore
251 1951 298 1993 et
328 1949 393 2005 (in
423 1952 463 2006 r)
495 1948 682 1993 lavacro
714 1951 794 2001 rb,
834 1963 944 1993 nam
984 1963 1039 1994 ex
1076 1949 1170 2007 frig
1173 1950 1282 1994 dore
1315 1951 1363 1994 et
1393 1949 1422 1993 1.
1461 1950 1558 2006 Or.‚
1597 1962 1708 1992 nam
1740 1951 1787 1992 et

155 2008 287 2065 gdor
318 2009 365 2052 et
395 2007 636 2053 lavacrum
665 2008 711 2052 Β
743 2009 808 2064 (et
826 2007 983 2074 frigus
1016 2010 1063 2052 et
1093 2009 1122 2053 1.
1139 1965 1286 2066 gGeZ).
1410 2010 1457 2051 et
1486 2008 1786 2066 grassacione

14 2076 16 2109 ξ
108 2068 148 2122 b,
182 2066 425 2133 equasatio
457 2067 516 2123 B,
550 2068 598 2110 et
627 2066 866 2122 quassatio
897 2082 922 2112 r
942 2067 1024 2112 θεῖ
1056 2067 1125 2123 (fit
1155 2066 1337 2111 laxacio
1375 2067 1480 2125 Or..)
1621 2072 1648 2110 4
1681 2081 1786 2111 con-

14 2158 15 2162 ,
108 2125 327 2192 spissatio
360 2127 385 2170 b
414 2125 506 2170 θεῖ.
542 2125 676 2182 (Or.:)
710 2125 978 2181 copensatio
1008 2141 1046 2181 r,
1080 2125 1362 2230 conspirBatio
1393 2126 1452 2171 Β
1606 2125 1785 2170 altioris

15 2215 17 2239 2
109 2183 315 2240 (altiores
346 2199 385 2241 r,
418 2183 558 2228 altior
581 2184 644 2240 Β)
674 2185 805 2228 nervi
833 2186 988 2228 tactus
1015 2187 1074 2230 rb
1099 2185 1282 2242 (Or.)B
1293 2205 1302 2230 :
1338 2184 1528 2230 altiores
1561 2198 1787 2229 cavernae

16 2242 17 2266 ³
107 2244 263 2286 tactus
298 2219 393 2287 θεῖ.
494 2247 519 2285 6
551 2242 650 2286 illic
680 2243 794 2288 rbB
826 2243 961 2301 (Or.):
992 2243 1104 2288 illuc
1139 2245 1233 2289 θεῖ.
1323 2243 1432 2301 (fac)
1460 2243 1577 2288 facit
1606 2245 1666 2289 rb
1689 2243 1784 2288 θεῖ.

109 2300 244 2358 (Or.):
284 2300 448 2344 feeerit
477 2302 536 2345 Β.
595 2306 701 2358 post
736 2301 851 2346 facit
886 2303 1008 2347 solus
1038 2304 1145 2348 add.
1182 2303 1255 2347 Or.
1288 2303 1365 2347 vel
1404 2302 1549 2347 exolis
1582 2303 1681 2359 (sic)
1713 2315 1787 2345 ca-

108 2359 217 2403 lore
361 2366 384 2404 7
419 2360 457 2403 si
490 2360 546 2403 de
578 2359 748 2417 frigore
781 2374 889 2428 ergo
922 2361 1111 2405 auribus
1144 2362 1244 2418 (sed
1276 2361 1315 2405 si
1348 2362 1403 2406 de
1435 2362 1489 2406 fr.
1523 2361 1714 2405 auribus
1747 2363 1786 2415 b,

110 2419 168 2461 de
206 2417 377 2475 frigore
415 2417 592 2462 viribus
623 2421 664 2475 r)
704 2418 913 2464 causatio
951 2419 1027 2464 vel
1066 2420 1197 2464 dolor
1236 2420 1475 2464 emerserit
1506 2422 1563 2464 rb
1584 2420 1679 2464 θεῖ.
1722 2418 1788 2474 (Si

110 2490 220 2534 ergo
253 2490 309 2520 ex
338 2476 543 2533 frigdore
584 2477 765 2521 aurium
796 2491 938 2523 causa
967 2478 1044 2523 vel
1082 2479 1214 2523 dolor
1253 2492 1353 2523 esse
1394 2478 1568 2535 ceperit
1602 2477 1716 2533 Or.)
1750 2477 1789 2520 si

19 2540 21 2571 ἓ
110 2535 168 2579 de
198 2534 449 2604 frigoribus
482 2535 626 2580 etiam
657 2535 920 2581 dolentibus
953 2537 1193 2582 emerserit
1222 2538 1281 2582 B.
1403 2543 1430 2581 8
1462 2536 1610 2581 facias
1642 2537 1687 2579 Β
1696 2550 1722 2581 r
1748 2541 1791 2581 et

20 2607 22 2654 j
109 2599 214 2639 arcte
243 2597 328 2651 ips.
361 2609 474 2639 corr.
508 2595 545 2639 b.
669 2596 715 2638 et
743 2595 954 2651 tepidum
983 2595 1176 2640 infunde
1206 2597 1265 2641 rb
1287 2596 1379 2643 θεῖ.
1399 2594 1538 2653 (ἔγχει
1572 2595 1689 2650 θαῖ.,
1720 2596 1789 2639 te-

21 2669 25 2681 ‚
109 2652 274 2709 pidum
306 2655 354 2697 et
383 2653 541 2696 fundis
572 2653 623 2696 in
654 2667 813 2698 aurem
848 2654 961 2711 Or.:)
993 2654 1153 2710 tepido
1184 2655 1243 2699 Β.
1366 2659 1391 2698 9
1425 2654 1491 2698 sic
1524 2656 1645 2710 (arcte
1664 2655 1787 2728 etr.)

108 2712 192 2756 rb·
225 2725 307 2757 om.
332 2712 490 2758 Βθεῖ.
524 2712 650 2769 (Or).
773 2717 829 2755 10
859 2711 1113 2758 laurinum:
1146 2727 1259 2759 corr.
1291 2713 1567 2758 nardinum?
1600 2711 1789 2770 (ναρδος

0 2766 27 2825 γὲ
114 2768 248 2827 θαῖ..)
371 2775 423 2814 11
456 2769 732 2814 balnearum
753 2771 943 2817 νόθεῖη
976 2785 1165 2816 —orum
1197 2773 1234 2818 b
1354 2772 1634 2829 interclu(au
1663 2774 1789 2830 r)sae

2 2832 26 2862 Ἃ
110 2829 171 2872 rb
201 2829 296 2873 θεῖ.
323 2828 457 2886 (Or.):
490 2828 780 2886 inquietatae
811 2830 868 2875 Β.
1037 2835 1090 2875 12
1124 2832 1172 2876 et
1199 2831 1311 2876 lana
1340 2833 1450 2889 post
1479 2832 1659 2889 (postea
1694 2831 1789 2887 Or.)

27 2930 29 2933 .
108 2885 292 2943 molliss.
317 2886 450 2931 molli
472 2890 581 2945 post
601 2888 956 2947 rb)—deterge0
977 2891 1111 2947 (——go
1127 2892 1168 2948 r)
1191 2892 1250 2936 rb
1279 2891 1373 2936 θεῖ.
1393 2890 1527 2948 (Or.):
1553 2892 1602 2934 et
1623 2891 1790 2948 postea

108 2944 224 2995 lana
253 2945 435 2991 mollito
469 2948 564 3005 (sic)
596 2947 654 2992 Β.
778 2953 832 2991 13
863 2961 973 2992 nam
1004 2950 1067 2994 rb
1095 2949 1213 2995 θεῖε
1247 2964 1356 3007 ergo
1387 2949 1446 2995 Β

1799 377 1866 429 19

1826 699 1848 732 5

1807 1068 1848 1099 10
