1950 3172
1785 0 1950 124 ,ἢ

167 255 406 321 plasmata
459 272 575 306 vero
632 257 796 305 omnia
859 254 1136 305 adhibenda
1195 262 1310 306 sunt
1371 271 1495 322 quae
1556 256 1865 307 diaforeticis

169 330 393 380 ordinata
433 336 560 380 sunt.
631 329 853 379 febribus
885 344 1002 378 vero
1035 331 1345 395 interpositis
1377 329 1702 380 consideratis
1739 337 1863 381 tem-

166 404 372 469 poribus
413 404 728 454 serviendum
768 409 858 453 est.
929 405 1170 454 intentius
1201 409 1368 454 tamen
1400 405 1698 454 effusionum
1730 404 1866 454 solli-

166 478 375 527 citudini
415 478 636 527 militabo
646 517 661 545 ,
701 479 754 526 in
795 477 976 542 quibus
1017 493 1165 543 saepe
1206 480 1354 528 etiam
1395 480 1651 543 sanguinis
1692 494 1864 545 super-

120 560 141 592 5
165 553 409 601 venientis
449 552 623 601 effusio
663 553 790 601 vitae
830 551 1110 617 periculum
1146 555 1443 618 procuravit.

173 114 279 168 138
697 118 1016 168 THEODORI
1043 118 1346 161 PRISCIANI

760 666 933 739 (Pars
975 666 1274 739 secunda).

77 753 146 805 39
313 760 596 809 Transactis
624 762 782 810 acutis
807 760 1123 825 passionibus
1150 776 1274 825 quae
1301 760 1392 810 suh
1419 766 1552 810 certa
1573 760 1680 825 lege
1706 761 1865 826 aegri-

162 833 392 883 tudinum
416 836 730 899 propriarum
763 834 925 899 aliqua
957 834 1180 884 febribus
1205 834 1556 884 comitantibus
1585 834 1862 900 publicatae

165 914 279 957 sunt
291 947 304 974 7
357 908 415 957 ad
464 908 695 958 chronica
739 909 1109 975 descendimus,
1158 908 1339 974 quibus
1388 908 1649 974 aliquando
1698 908 1863 958 febres

99 990 140 1020 10
165 984 573 1047 supervenientes
600 983 690 1032 sub
717 983 861 1047 longo
891 988 1052 1032 tractu
1077 985 1363 1047 passionum
1388 982 1542 1032 veluti
1564 982 1863 1048 temporales

165 1058 520 1106 commotiones
553 1057 841 1106 assimulant
869 1054 1055 1122 <quam
1086 1057 1267 1107 medici
1307 1057 1555 1122 epithesin
1591 1056 1865 1122 appellave-

163 1128 329 1195 runt).
386 1133 533 1180 etiam
566 1133 618 1180 in
651 1133 773 1196 ipsis
807 1132 1032 1181 ordinem
1070 1131 1365 1196 dispositum
1398 1131 1735 1181 custodientes
1768 1133 1864 1180 ini-

162 1206 288 1253 tium
327 1220 460 1254 nunc
500 1205 559 1254 de
602 1208 778 1270 capitis
819 1205 1053 1271 querellis
1090 1205 1167 1255 vel
1207 1205 1546 1255 accidentibus
1580 1207 1863 1255 sortiemur.

286 1337 307 1375 1
344 1347 380 1376 c.
397 1348 439 1378 v.
475 1332 633 1377 omnia
658 1334 1040 1379 diaforeticorum
1065 1348 1105 1378 a.
1126 1349 1159 1378 s.
1184 1347 1273 1389 que
1298 1333 1365 1378 eis
1390 1333 1440 1377 in
1461 1333 1732 1391 supradicta
1755 1346 1864 1389 pas-

165 1392 293 1435 sione
319 1391 639 1437 ordinavimus
665 1395 690 1438 b
715 1396 782 1450 (et
802 1396 883 1438 ubi
908 1393 1226 1450 suprascripta
1252 1394 1361 1438 Gar.
1387 1396 1484 1450 ms.)
1509 1408 1592 1438 om.
1617 1408 1659 1451 9,
1691 1394 1772 1437 ‘abi
1798 1394 1865 1437 sic

165 1451 511 1508 cataplasmata
556 1452 848 1510 interpositis
888 1452 1196 1513 consideratis
1237 1454 1270 1497 t.
1313 1452 1609 1497 serviendum
1648 1453 1720 1496 est
1750 1454 1861 1507 etc).

164 1524 285 1566 quae
319 1510 445 1555 diafo
470 1513 484 1568 ΙΙ
509 1513 613 1568 (huc
643 1527 783 1569 usqne
813 1514 892 1568 fol.
927 1510 1026 1568 30b,
1058 1514 1225 1557 abhinc
1255 1513 1420 1557 desunt
1450 1514 1540 1557 duo
1571 1513 1689 1566 folia
1720 1512 1772 1555 in
1811 1511 1862 1566 V,

162 1571 327 1615 ultima
356 1585 414 1616 sc.
448 1573 605 1628 quarti
635 1574 972 1629 quaternionis,
1015 1586 1069 1616 ac
1100 1573 1309 1628 deinceps
1346 1573 1514 1629 inteqri
1545 1572 1864 1628 quaterniones

164 1631 271 1685 duo,
303 1632 491 1687 quintus
522 1636 563 1675 et
593 1637 758 1676 sea-tus.
792 1634 909 1676 sexti
939 1638 1090 1676 tamen
1121 1633 1216 1676 tria
1255 1632 1404 1676 adhuc
1441 1632 1610 1675 ultima
1639 1631 1757 1685 folia
1787 1643 1863 1674 eoe-

162 1691 327 1734 tabant
361 1689 540 1734 Gelenii
569 1695 787 1747 ternpore,
824 1693 867 1735 si
903 1692 985 1735 hoc
1023 1693 1123 1748 ipso
1161 1692 1312 1735 codice
1349 1692 1578 1736 videbitur
1615 1703 1728 1734 usas
1759 1702 1861 1734 esse.

163 1749 204 1792 si
227 1762 334 1804 non,
361 1751 412 1793 in
435 1750 586 1794 codice
613 1750 792 1795 Gelenii
820 1752 923 1795 licet
945 1752 1098 1795 eadem
1120 1751 1225 1805 fere,
1249 1751 1487 1807 aliquanto
1510 1755 1660 1793 tamen
1682 1750 1864 1792 minora

163 1809 391 1852 interiisse
423 1810 666 1854 dicendum
697 1815 761 1854 est
791 1825 927 1867 quam
958 1812 1009 1854 in
1049 1811 1094 1854 V
1115 1812 1188 1866 (sc.
1221 1811 1358 1854 initio
1391 1809 1736 1864 chronicorum).
1790 1809 1865 1852 hic

164 1868 284 1911 enim
308 1872 414 1923 post
438 1882 487 1923 p.
513 1871 574 1911 88
599 1870 649 1924 (c.
680 1869 754 1926 13)
788 1885 817 1913 a
847 1870 993 1914 verbis
1025 1882 1145 1924 quae
1171 1867 1505 1925 diaphoreticis
1542 1869 1712 1912 transit
1728 1881 1777 1923 p.
1801 1871 1864 1911 89

165 1927 228 1970 ad
258 1940 292 1970 c.
327 1930 387 1971 19
419 1927 472 1970 de
498 1929 788 1985 paralyticis.
905 1932 931 1970 3
965 1927 1276 1971 sollicitudini
1300 1930 1435 1984 (—ne
1461 1929 1499 1982 b,
1534 1932 1650 1970 —ne
1674 1928 1715 1982 r)
1739 1924 1864 1968 mili-

164 1985 299 2030 tabo:
331 1987 397 2030 sic
427 1986 534 2030 er
560 1986 837 2043 (medicabis
868 1989 927 2045 9).
1028 1992 1057 2030 4
1087 1987 1137 2030 in
1170 1987 1338 2042 quibus
1371 1993 1471 2031 etc:
1505 1985 1684 2039 Quibus
1718 1984 1863 2028 etiam

167 2043 207 2087 si
247 2044 489 2102 sanguinis
531 2045 851 2103 supervenerit
890 2045 1067 2090 effusio.
1113 2045 1410 2103 repentinum
1456 2045 1726 2101 frequenter
1764 2043 1861 2089 vite

164 2103 425 2159 periculum
456 2105 738 2161 procuravit.
774 2108 811 2150 b.
1004 2110 1028 2149 5
1061 2105 1334 2162 procurabit
1364 2106 1410 2149 B
1436 2104 1584 2161 (-uit
1614 2105 1704 2161 rb).
1767 2105 1862 2148 iam

164 2162 373 2219 Explicit
418 2177 637 2207 oxeorum
685 2165 810 2209 ordo.
855 2164 1028 2222 Incipit
1076 2165 1133 2208 de
1180 2164 1309 2208 croni
1336 2167 1342 2216 l
1371 2163 1618 2220 dispositio
1650 2164 1710 2207 B.
1757 2176 1863 2220 pro-

165 2222 349 2266 curavit
380 2229 547 2267 exeorfi
589 2224 763 2268 ordine.
795 2228 799 2279 1
827 2224 1036 2281 Explicit
1066 2224 1145 2269 lib.
1172 2225 1226 2267 Π.
1259 2223 1432 2281 Incipit
1454 2223 1534 2267 lib.
1560 2223 1637 2267 III.
1671 2222 1739 2266 De
1764 2235 1862 2266 cro-

164 2280 296 2326 nicis.
329 2281 587 2340 Dispositio
613 2283 883 2340 (transactis
908 2286 1005 2340 etc.)
1031 2299 1068 2328 r.
1103 2283 1327 2341 (Explicit
1355 2297 1473 2327 oxea
1497 2283 1583 2326 deo
1609 2281 1794 2339 gracias
1820 2283 1858 2337 b,

162 2342 244 2384 ubi
274 2355 358 2398 seq.
393 2345 600 2398 capitula
630 2345 769 2387 buius
800 2345 991 2387 alterins
1015 2345 1185 2400 partis,
1216 2345 1377 2388 deinde
1409 2341 1709 2399 Proposicio).

164 2405 189 2442 6
223 2415 321 2457 cap.
348 2402 432 2445 XI
437 2402 530 2446 V—
544 2403 676 2446 XIX
711 2404 816 2447 dedi
854 2417 910 2447 ex
941 2404 1067 2447 codd.
1100 2404 1171 2447 rB
1196 2404 1397 2459 (enotata
1427 2403 1501 2446 hic
1539 2403 1638 2446 illic
1677 2402 1864 2445 lectione

163 2461 256 2503 cod.
285 2462 339 2516 b).
465 2465 488 2504 7
514 2461 785 2505 Transactis
817 2464 938 2520 ryb:
972 2461 1236 2506 Translatis
1260 2462 1318 2507 B.
1442 2461 1529 2504 sub
1553 2462 1612 2505 rb
1620 2475 1670 2518 9:
1696 2474 1780 2504 om.
1799 2461 1858 2504 B.

164 2524 189 2561 8
222 2518 429 2575 priorum
469 2519 628 2576 alique
666 2521 818 2565 febres
861 2521 1035 2578 (alique
1079 2520 1223 2565 febris
1254 2536 1300 2577 r,
1339 2522 1421 2566 ubi
1459 2519 1669 2564 febribus
1709 2521 1858 2576 corr.).

165 2577 501 2623 comitantibus
526 2582 598 2636 rb,
624 2580 920 2637 propriarum
944 2580 1106 2636 aliqua
1123 2580 1378 2638 (aliquibus
1395 2581 1459 2636 B)
1484 2578 1693 2623 febribus
1718 2578 1860 2622 comi-

163 2637 376 2680 tantibus
407 2640 501 2696 9B.
662 2644 687 2683 9
721 2639 908 2683 cronica
939 2641 1134 2697 B(-ca
1164 2655 1206 2698 9,
1242 2653 1378 2682 —cas
1410 2641 1472 2695 r):
1507 2637 1667 2682 cronia
1699 2640 1736 2683 b.

166 2694 489 2741 descendimus
522 2701 641 2756 ryb:
676 2699 898 2742 —demus
930 2700 988 2744 B.
1181 2703 1236 2742 10
1267 2696 1760 2742 veluti—assimulant
1789 2698 1857 2742 B:

163 2753 313 2797 veluti
345 2756 578 2811 epytisma
611 2757 970 2815 appellaverunt
1002 2760 1040 2815 b,
1073 2757 1221 2802 veluti
1254 2760 1486 2814 tempores
1519 2758 1858 2801 commociones

166 2811 444 2858 assimulant
476 2830 591 2871 quas
623 2817 796 2861 medici
827 2817 1032 2874 epytisin
1064 2831 1124 2875 ap
1153 2820 1158 2874 Ι
1185 2816 1483 2874 pellaverunt
1504 2831 1541 2860 r.
1697 2820 1750 2859 12
1782 2814 1859 2859 vel

163 2872 245 2916 rb:
279 2886 360 2916 om.
380 2874 476 2931 139.
579 2880 634 2918 13
659 2875 848 2919 initium
872 2891 901 2920 a
926 2877 1002 2933 (de
1026 2878 1088 2933 B)
1113 2890 1149 2921 c.
1177 2891 1220 2933 q.
1242 2912 1250 2921 .
1271 2912 1280 2921 .
1298 2913 1306 2920 .
1327 2875 1574 2920 sortiemur
1596 2875 1702 2932 By:
1733 2887 1857 2917 nuno

165 2929 222 2972 de
247 2943 283 2974 c.
310 2945 352 2985 q.
375 2969 382 2976 .
405 2968 412 2976 .
435 2969 442 2976 .
470 2933 735 2978 ordinemus
754 2937 779 2979 b
796 2937 936 2991 (nunc
961 2935 1130 2993 eapitis
1155 2934 1376 2991 querellis
1400 2951 1442 2980 v.
1470 2948 1510 2978 a.
1538 2933 1786 2977 sortiemur
1799 2933 1857 2988 r).
