1950 3172
126 139 299 187 ,XX

217 277 303 346 33,
339 273 598 347 47—48)
638 277 879 344 indicant,
923 275 1199 326 Vindiciani
1235 275 1364 326 liber
1391 275 1454 326 IV
1492 271 1594 346 (vel
1629 277 1747 328 libri
1776 272 1899 347 IV?)

216 359 329 418 post
366 351 547 403 librum
587 352 646 401 de
685 353 930 417 positione
969 356 1019 399 et
1069 351 1168 399 situ
1205 349 1543 400 membrorum
1571 350 1595 401 1
1624 345 1790 419 (cuius
1830 352 1899 403 la-

216 442 354 476 ceras
408 426 641 491 reliquias
694 425 861 474 multis
907 425 960 473 in
1014 423 1267 473 codicibus
1321 418 1584 493 habemus)
1630 423 1805 476 Galeni
1839 425 1899 494 11,

215 501 478 550 Alexandri
507 500 573 549 III
611 501 663 548 in
700 514 799 548 uno
839 498 1007 548 codice
1048 499 1273 562 scriptos
1315 513 1438 562 quae
1477 499 1654 548 notitia
1691 499 1898 550 dubium

216 581 292 624 est
330 590 425 639 quo
463 575 718 638 pertineat.

361 647 600 696 Prisciani
630 652 826 710 praeter
863 645 1041 710 triplex
1074 644 1376 710 Euporiston
1405 645 1483 695 vel
1513 653 1898 711 praesentaneae

215 721 484 771 medicinae
526 735 646 784 opus
688 719 892 784 singulis
931 718 1111 768 libellis
1151 719 1358 787 editum,
1397 735 1530 769 nunc
1569 736 1723 770 unum
1761 728 1898 771 tene-

214 810 324 845 mus
369 794 688 859 Physicorum
733 793 881 842 breve
936 793 1264 858 fragmentum
1307 789 1471 863 (quod
1518 794 1666 844 habet
1711 811 1757 860 p.
1799 789 1929 846 82‘1'

214 869 324 933 Arg.
365 884 487 932 quae
528 867 800 916 Alexandro
847 873 974 916 teste
1023 869 1322 916 conveniunt
1361 883 1473 917 cum
1513 869 1758 918 Theodori
1796 869 1897 918 Mo-

215 936 496 1010 schionisss)
530 941 739 1006 capitulo
773 941 832 990 de
866 941 1153 1006 epilempsia
1193 942 1251 991 cf.
1286 942 1454 991 Soran.
1496 943 1569 992 ed.
1594 942 1726 1008 LipS.
1755 940 1896 994 1882

214 1033 260 1081 p.
304 1011 467 1084 XVII).
530 1018 692 1080 itaque
750 1017 792 1064 si
844 1031 972 1082 „sex
1025 1011 1219 1064 libros“
1272 1019 1672 1066 commemoravit
1726 1017 1898 1066 Simon

214 1091 468 1140 Ianuensis
508 1092 559 1138 in
597 1089 899 1154 praefatione
940 1089 1168 1139 omnihus
1207 1096 1337 1156 nota,
1378 1106 1472 1154 qua
1511 1097 1736 1140 auctores
1777 1106 1898 1155 quo-

215 1180 324 1213 rum
348 1167 400 1213 in
431 1164 587 1212 lexico
614 1163 868 1213 condendo
893 1163 1141 1213 volumina
1171 1163 1433 1213 revolverit
1463 1166 1624 1214 varios
1656 1170 1898 1230 recenset,

215 1254 359 1287 usum
406 1253 517 1286 eum
563 1238 715 1286 fuisse
769 1243 904 1303 patet
950 1238 1118 1287 codice
1166 1237 1329 1303 aliquo
1385 1253 1471 1287 sex
1517 1238 1671 1288 libros
1725 1254 1898 1288 nume-

215 1319 378 1377 rante,
435 1328 493 1360 ex
550 1311 726 1376 quibus
782 1317 979 1377 praeter
1034 1311 1223 1376 singula
1281 1312 1492 1377 triplicis
1548 1314 1712 1378 operis
1768 1312 1898 1377 quod

215 1386 449 1437 habemus
490 1388 595 1434 sine
635 1385 750 1434 libri
787 1385 930 1435 titulo
972 1385 1183 1450 capitula
1208 1381 1364 1454 (velut
1395 1402 1432 1435 s,
1467 1388 1688 1451 agripnia
1710 1386 1898 1452 „Theo-

216 1460 364 1509 dorus
404 1459 684 1509 Priscianus
725 1476 827 1525 cap.
869 1459 928 1508 de
970 1455 1284 1528 calculo“**)
1326 1466 1374 1509 et
1411 1475 1510 1509 uno
1552 1461 1749 1525 quidem
1789 1459 1897 1510 loco

212 1534 303 1600 „de
337 1530 568 1598 gynecia“
592 1530 652 1602 (s.
680 1540 892 1583 strumas
919 1561 989 1567 —
1015 1534 1073 1583 cf.
1113 1549 1148 1582 S.
1183 1540 1347 1583 acreta
1386 1540 1435 1583 et
1467 1550 1503 1583 S.
1536 1528 1899 1602 metromania)‚

216 1610 499 1672 saepissime
541 1610 718 1657 citatur
755 1608 968 1674 „Theod
1005 1607 1288 1657 Priscianus
1328 1610 1380 1656 in
1418 1607 1545 1656 libro
1585 1608 1645 1657 de
1687 1607 1900 1672 simplici

214 1679 500 1748 medicina“‚
533 1690 582 1730 et
612 1682 689 1731 bis
730 1684 878 1731 etiam
909 1684 993 1748 „in
1025 1682 1317 1731 antidotario
1351 1682 1598 1731 Theodori
1628 1677 1901 1731 Prisciani“

216 1749 299 1823 (cf.
330 1755 479 1803 Ernst
510 1755 687 1822 Meyer,
720 1756 892 1805 Gesch.
927 1756 1015 1804 der
1038 1756 1247 1804 Botanik
1277 1755 1335 1822 ΙΙ,
1361 1751 1507 1824 291).
1549 1761 1693 1820 atque
1727 1770 1899 1804 eorum

217 1844 339 1893 quae
380 1829 439 1877 de
487 1830 697 1894 simplici
742 1830 986 1879 medicina
1033 1830 1202 1878 Simon
1241 1829 1403 1878 attulit
1440 1829 1736 1878 verbotenus
1775 1844 1897 1878 non-

215 1902 348 1951 nulla
388 1903 593 1952 offendis
640 1906 692 1952 in
739 1904 865 1952 libro
897 1903 962 1953 III
1000 1904 1060 1952 de
1106 1903 1373 1952 virtutibus
1415 1905 1783 1967 pigmentorum
1822 1902 1900 1952 vel

215 1976 479 2025 herbarum
519 1980 893 2027 aromaticarum
933 1978 1118 2026 codicis
1159 1977 1204 2026 S.
1246 1977 1368 2026 Galli
1394 1975 1498 2027 762
1526 1971 1610 2045 (de
1652 1992 1747 2041 quo
1782 1976 1899 2025 olim
1933 1999 1936 2002 ⁴

216 2052 411 2099 narravi
448 2051 625 2100 Anecd.
651 2052 714 2118 ΙΙ,
751 2047 903 2120 121),
942 2054 1009 2100 ita
1046 2058 1101 2100 ut
1139 2050 1404 2100 verisimile
1446 2052 1510 2099 sit
1547 2051 1677 2100 hunc
1717 2050 1898 2099 librum

216 2123 380 2172 latinis
401 2125 597 2188 quidem
620 2125 885 2174 herbarum
909 2125 1192 2174 nominibus
1218 2125 1396 2174 additis
1422 2141 1481 2174 ex
1508 2123 1689 2173 Galeno
1715 2124 1898 2173 factum

219 2191 302 2264 (de
337 2198 494 2261 simpl.
527 2199 651 2248 med.
679 2200 706 2248 l.
731 2194 815 2268 VI)
848 2205 1076 2264 excerpta
1116 2201 1368 2248 continere
1402 2214 1462 2247 ex
1494 2213 1552 2247 eo
1592 2198 1718 2246 libro
1752 2212 1899 2262 quem

219 2271 309 2319 sub
357 2271 601 2320 Theodori
647 2273 888 2322 Prisciani
928 2268 1065 2341 (nam
1120 2275 1190 2321 sic
1246 2288 1441 2336 semper
1487 2272 1672 2336 duplici
1717 2266 1899 2339 utitur)

217 2346 414 2393 nomine
456 2347 555 2394 sive
587 2353 721 2395 recto
755 2349 855 2396 sive
881 2347 1001 2396 falso
1020 2347 1198 2401 ,Simon
1222 2348 1274 2395 in
1318 2347 1485 2395 codice
1520 2361 1607 2395 suo
1641 2347 1898 2394 invenerit.

219 2419 498 2468 antidotarii
549 2426 709 2469 autem
758 2422 887 2485 quod
934 2436 1045 2470 cum
1091 2420 1342 2470 Prisciano
1390 2420 1511 2469 vidit
1557 2419 1728 2469 eadem
1774 2421 1898 2468 ratio

366 2589 405 2645 ²³)
437 2589 707 2634 Theodorus
749 2591 839 2635 iste
871 2591 1115 2636 Moschion
1146 2606 1285 2647 quem
1324 2591 1442 2636 citat
1473 2590 1739 2636 Alexander
1769 2588 1900 2632 Tral-

220 2645 388 2711 lianus,
423 2648 629 2692 diversus
663 2650 852 2705 quidem
885 2665 912 2694 a
944 2651 1187 2695 Theodoro
1218 2650 1459 2695 Prisciano
1492 2650 1621 2707 (licet
1651 2647 1915 2695 conveniat.

220 2718 274 2805 ig
300 2704 597 2760 physicorum
618 2709 906 2767 traditione),
939 2710 1065 2754 idem
1091 2712 1248 2755 autem
1272 2712 1344 2755 est
1368 2725 1474 2754 cum
1503 2708 1747 2753 Theodoro
1771 2707 1901 2751 Aetii

226 2764 242 2818 (
277 2776 301 2806 e
333 2777 431 2887 (1213)
455 2764 1057 2890 IliffssggitIi’gizzffi)‘codicem‚
1091 2828 1171 2884 qui
1196 2829 1403 2872 servaret
1427 2824 1686 2883 capitulum
1718 2825 1774 2869 de
1804 2824 1899 2868 cal-

222 2879 341 2936 culo,
367 2882 487 2923 6161113
511 2880 886 2939 Barbermianus,
919 2899 1024 2928 cum
1047 2901 1138 2941 quo
1162 2901 1254 2931 uno
1280 2901 1337 2931 ex
1361 2901 1460 2943 cap.
1487 2885 1544 2928 de
1570 2883 1715 2927 oculis
1739 2898 1901 2928 veram

221 2938 472 2983 lectionem
499 2940 695 2995 praebet
726 2942 983 2997 „serniosos
1017 2945 1202 2989 oculos“
1234 2948 1286 3004 (s.
1319 2961 1362 2990 v.
1395 2942 1644 2999 serniosis).
