1950 3172
113 238 312 307 iliorum
348 256 426 306 vel
464 258 611 306 etiam
629 271 826 324 ·renum
863 271 1025 322 panno
1057 256 1257 306 inducto
1297 262 1551 323 contegat,
1576 262 1625 306 et
1663 256 1788 306 lanis

113 331 509 396 superimpositis
548 330 832 380 fasci-etun·
855 323 1122 379 miraberis
1152 330 1245 379 hoc
1277 345 1452 394 genus·
1464 346 1623 380 curae.
1662 331 1789 380 hanc

10 408 12 410 ’
91 409 301 468 Ῥεῖ-16111
340 419 430 468 ego
469 403 529 452 de
569 405 915 468 experimento
943 405 1100 468 posui.

145 519 158 529 .
260 492 371 526 cum
395 482 557 526 autem
589 476 907 526 declinaverit
937 476 1091 543 dolor,
1121 482 1240 526 tunc
1271 478 1497 541 potiones
1523 477 1787 542 diureticas

112 550 273 616 dahis,
318 556 539 614 tempore
587 555 842 614 oportuno
873 550 967 598 hoc
1005 555 1081 599 est
1127 566 1222 614 quo
1274 549 1437 617 dolor
1451 536 1667 600 desierit.
1745 553 1788 600 si

67 627 71 630 ’
111 631 275 673 autem
299 623 438 672 dolor
469 624 734 672 cessaverit
765 629 814 672 et
840 625 984 672 urina
1016 630 1181 672 secuta
1214 639 1313 672 non
1345 624 1508 690 fuerit,
1538 630 1786 688 postremo

110 697 386 746 iniciendus
426 702 501 745 est
537 711 628 760 per
666 702 914 781 veretium
956 696 1218 746 cathet‘ere.
1295 696 1458 746 oleum
1495 699 1670 747 inicies
1710 714 1787 747 ca-

19 833 30 842 ·
109 770 277 819 lidum.

638 94 1004 163 Dn'vnsrcAn
1033 120 1227 173 vrrns.
1287 131 1296 138 ·
1419 184 1428 191 ³
1498 121 1550 152 ὀ
1678 98 1834 172 265'

257 842 320 891 Ut
366 847 528 891 autem
573 847 672 890 tam
720 843 1004 910 saevissima
1056 844 1242 906 passio·
1276 845 1430 892 averti
1484 851 1533 892 et
1587 841 1839 893 solidari4

112 988 338 1039 cubiculo
379 987 536 1044 calido
583 994 632 1037 et
671 1003 782 1037 aere
827 994 1098 1052 temperato
1145 990 1306 1037 iacere
1354 989 1573 1056 debebit,
1609 989 1786 1039 obser-

109 1078 224 1111 vare
269 1062 616 1111 abstinentiam
663 1061 761 1110 cibi
807 1068 856 1110 et
900 1067 956 1110 ut
1003 1064 1197 1126 quietus
1245 1063 1310 1110 sit
1359 1068 1408 1111 et
1453 1062 1512 1111 ab
1559 1063 1786 1112 omnibus

114 1125 537 1189 sollicitudinibus
566 1149 784 1201 securuS,
824 1151 850 1184 a
881 1150 1058 1184 venere
1099 1135 1364 1185 abstinens
1440 1138 1601 1205 primo
1641 1152 1786 1186 renes

111 1210 373 1258 fomentari
426 1208 626 1274 debent,
688 1210 773 1272 qui
826 1224 885 1257 ex
938 1210 1302 1273 propinquitate
1364 1211 1574 1258 iniuriae
1627 1212 1785 1260 maius

109 1284 336 1349 nutriunt
374 1287 689 1347 tormentum,
729 1281 835 1339 oleo
876 1282 1007 1331 dulci
1046 1285 1242 1331 anetino
1275 1282 1431 1331 calido
1465 1283 1658 1332 coactili
1694 1286 1783 1332 im-

107 1344 268 1420 posito
302 1361 528 1404 contexto
562 1355 832 1423 secundun}
863 1355 1063 1404 modum
1096 1371 1312 1421 spaerae,
1347 1356 1511 1405 triduo
1545 1363 1677 1406 certe
1710 1357 1786 1406 vel

111 1428 283 1477 diebus
317 1430 550 1494 quinque,
589 1430 657 1476 ita
687 1434 743 1477 ut
773 1430 824 1476 in
857 1417 949 1477 olla
981 1431 1166 1477 maiore
1200 1429 1401 1478 calefiat.
1460 1445 1521 1478 ne
1555 1432 1784 1479 virtutem

86 1504 299 1550 ‘amittat
330 1504 381 1550 in
413 1501 567 1550 calida
591 1502 708 1549 fieli
740 1504 979 1550 convenit.
1034 1509 1145 1566 post
1177 1502 1353 1551 deinde
1385 1518 1482 1551 uno
1517 1503 1596 1552 die
1632 1506 1784 1552 inter-

227 1721 249 1758 1
282 1706 437 1772 panno
467 1730 512 1761 r·
544 1729 664 1782 pone
694 1715 828 1782 patio
841 1717 936 1772 (sic)
964 1717 1001 1760 b.
1108 1716 1491 1774 1nductum(—u)
1522 1719 1592 1762 rb.
1678 1732 1785 1762 con-

105 1775 250 1841 tegat.
285 1776 333 1817 et
362 1774 469 1818 13116
501 1774 854 1831 superinpositis
886 1774 918 1818 f.
950 1790 994 1820 r:
1028 1774 1171 1818 etiam
1208 1775 1332 1819 latus
1371 1778 1591 1834 contegat
1629 1790 1784 1845 super-

104 1832 310 1889 positum
335 1834 382 1876 et
406 1833 470 1877 sic
494 1832 715 1877 fascietur
734 1834 771 1877 b
802 1835 876 1877 hic
898 1840 1146 1890 sequuntur
1169 1836 1221 1878 in
1245 1836 1269 1878 b
1293 1836 1616 1879 medicamenta
1638 1838 1786 1890 varia,

105 1905 295 1947 quorum
320 1894 482 1948 priora
513 1906 567 1936 eas
598 1906 709 1948 seqq.
741 1898 968 1948 excerpta,
994 1893 1138 1949 plura
1169 1894 1354 1938 aliunde
1392 1899 1599 1951 conyesta
1630 1895 1784 1951 (usque

104 1951 167 1994 ad
204 1951 342 1994 imam
374 1965 482 2008 paq
511 1955 603 1995 129
633 1966 672 1996 υ.
699 1955 726 1993 4
765 1956 869 1995 ante
899 1952 1012 2008 sin)
1042 1953 1202 1996 deinde
1240 1953 1301 1996 ad
1338 1953 1573 1997 Prisciani
1614 1959 1783 1998 textum

105 2009 223 2052 r'edit
246 2023 331 2066 per
361 2011 544 2054 ultimos
574 2015 753 2053 tantum
783 2013 813 2052 8
844 2012 1037 2065 capituli
1066 2024 1216 2055 versus
1250 2013 1308 2066 (v.
1334 2015 1427 2066 10).
1638 2016 1662 2055 2
1696 2011 1784 2055 hoc

105 2080 272 2123 genere
305 2081 442 2111 curae
470 2070 477 2122 l
505 2069 699 2124 anparte
732 2069 829 2123 (sic)
862 2081 947 2125 ego
981 2069 1037 2111 de
1068 2074 1145 2113 etc.
1177 2084 1202 2113 r
1233 2071 1337 2125 (ubi
1368 2072 1669 2126 expectaveris
1699 2071 1783 2113 mi-

104 2125 591 2182 raberis—‚effectum).
713 2130 741 2168 4
773 2125 1020 2170 dioreticas
1051 2142 1088 2172 r.
1188 2128 1312 2183 quod
1341 2130 1406 2184 (q)
1437 2144 1474 2174 r.
1599 2133 1623 2171 7
1657 2132 1783 2173 cata

1 915 24 944 ’-
108 918 287 982 possit,
342 930 459 965 cura
515 914 853 964 ordinabiliter
899 914 1174 964 adhibenda
1221 922 1296 964 est
1341 918 1421 965 ita.
1506 918 1548 965 is
1594 918 1786 981 patiens
1811 929 1854 961 10

1814 1297 1851 1328 15

104 2185 201 2228 tere
226 2200 263 2230 r.
309 2231 313 2236 ,
386 2189 411 2228 9
449 2186 578 2230 hinc
601 2199 796 2230 novum
819 2186 1192 2243 fraqmentum
1214 2188 1432 2231 videtur
1414 2189 1692 2244 subiungi&
1693 2190 1784 2232 uod
1827 2193 1835 2199 ⁰

103 2258 243 2300 usque
274 2245 335 2288 ad
364 2245 497 2298 finem
521 2246 757 2300 pertinet).
872 2248 926 2288 10
956 2244 1102 2288 Itahis
1133 2260 1178 2302 p.
1204 2246 1300 2302 (sic)
1320 2261 1367 2294 ‚⁹-
1472 2251 1523 2289 11
1559 2245 1782 2290 Cubiculo

103 2307 144 2346 et
174 2316 288 2359 seqq.
320 2304 452 2347 habet
481 2305 616 2346 etiam
648 2304 673 2347 b
701 2304 771 2357 (in
799 2303 888 2357 fine
921 2306 1054 2359 cap).
1197 2308 1250 2346 12
1284 2303 1378 2347 cibi
1410 2306 1457 2348 et
1480 2318 1509 2348 a
1538 2317 1705 2371 venere
1738 2307 1785 2348 et

10 2360 18 2366 ’
105 2356 165 2404 ab
184 2360 307 2404 omni
328 2360 644 2404 sollicitudine
661 2375 848 2405 securus
864 2363 1150 2418 permaneat.
1150 2354 1318 2405 Renes
1335 2369 1411 2407 etc.
1432 2364 1470 2407 b.
1566 2367 1619 2406 13
1633 2362 1783 2419 primo

104 2433 186 2463 om.
222 2421 260 2464 b.
349 2425 401 2463 14
434 2433 553 2476 quae
586 2433 642 2464 ex
672 2434 739 2476 pr.
765 2435 823 2464 m.
856 2419 1030 2464 maiore
1061 2435 1106 2464 n.
1137 2422 1170 2465 t.
1203 2436 1240 2476 r,
1278 2420 1358 2476 qui
1388 2421 1539 2464 maius
1570 2421 1784 2465 nutriunt

103 2479 386 2522 tormentum
420 2480 457 2523 b.
582 2481 635 2521 15
669 2480 716 2522 et
746 2473 902 2535 (anet.)
936 2481 1040 2524 add
1068 2481 1106 2524 b.
1227 2479 1417 2534 quattili
1438 2490 1491 2525 r':
1525 2479 1726 2546 aquatili
1758 2482 1783 2525 b

33 2602 36 2605 ,
104 2553 184 2617 qui
213 2553 278 2596 sic
302 2554 455 2608 peryit
470 2551 638 2608 'posito
669 2551 765 2595 trid
795 2551 872 2595 vel
904 2551 969 2595 V.
1005 2551 1182 2595 diebus,
1222 2554 1275 2596 ut
1305 2552 1354 2596 in
1394 2552 1490 2596 olla
1526 2552 1703 2596 maiore
1734 2552 1784 2596 in

103 2608 213 2653 uino
246 2609 544 2667 calefaciat!
573 2612 774 2667 (10130)
808 2611 890 2653 aut
927 2609 976 2653 in
1007 2613 1084 2654 cat
1121 2624 1178 2654 ne
1217 2610 1438 2655 virtutem
1479 2610 1681 2655 amittat.
1721 2613 1780 2666 cf.

107 2667 228 2712 Cass.
253 2683 287 2713 c.
307 2672 377 2713 42.
464 2673 518 2712 16
544 2682 756 2725 spaerae:
781 2668 958 2712 *debeie
981 2684 1006 2713 r
1022 2670 1095 2726 (cf.
1118 2670 1240 2714 Cass.
1258 2685 1307 2726 10.
1333 2675 1407 2725 97,
1432 2674 1491 2713 18
1519 2669 1570 2713 in
1593 2670 1782 2714 modum

102 2740 235 2782 spere
259 2732 300 2771 et
322 2728 418 2771 ind.
444 2741 479 2772 s.
505 2727 784 2785 sphaerula)
880 2727 1035 2771 triduo
1060 2730 1149 2772 iam
1176 2734 1281 2773 ante
1305 2730 1521 2773 contexto
1546 2730 1720 2774 eoehibet
1742 2745 1779 2775 r.
1820 2739 1822 2741 ’

106 2789 159 2829 17
191 2784 390 2829 maiores
421 2800 458 2830 r.
616 2790 668 2829 18
694 2786 832 2830 calda
860 2801 886 2830 r
909 2787 1032 2842 (haec
1054 2793 1269 2843 corrupta
1291 2789 1360 2833 vel
1389 2789 1526 2832 nimis
1549 2794 1781 2833 contracta

103 2845 260 2889 ——vult
301 2846 418 2889 enim
463 2846 516 2888 in
553 2846 645 2890 olla
690 2846 883 2900 ferventi
921 2846 1097 2890 calidae
1147 2847 1368 2891 summitti
1413 2848 1557 2891 oleum
1602 2848 1656 2892 de
1694 2861 1781 2922 quo

102 2903 270 2959 foveas,
299 2909 352 2948 ut
376 2899 569 2948 Cassius
592 2908 743 2962 pas,
777 2905 864 2960 16).
940 2903 1126 2948 'deinde
1157 2918 1239 2961 qm.
1266 2906 1305 2950 b.
