1950 3172
48 270 97 337 ’,ᾗ
120 285 249 319 :was
287 269 588 335 appellamus
595 308 610 335 ,
657 284 782 334 quae
821 270 1110 334 frequenter
1154 274 1426 333 procurant
1465 269 1651 318 ventris
1691 282 1774 317 ex-

43 343 305 411 :ponendi
337 345 639 410 suavitatem,
672 342 936 408 vaporibus
967 342 1327 391 imminendum
1358 347 1434 392 est
1466 357 1616 407 super
1650 356 1773 406 quos

50 415 57 424 ”
89 418 370 468 sedentium
408 418 679 481 indignatio
719 418 1008 481 saepissime
1047 417 1268 480 mitigata
1309 421 1397 465 est.
1475 417 1561 480 qui
1600 420 1683 464 aut
1715 430 1775 464 ex

36 518 50 542 .:
71 491 221 541 faeni
244 493 408 556 graeci
424 490 793 539 decoctionibus
812 495 894 539 aut
918 489 1134 539 althaeae
1159 489 1408 539 radicibus
1430 490 1772 539 conficiuntur.

30 592 38 601 =
87 580 203 615 nam
241 571 291 614 et
329 566 569 614 cerotario
608 564 702 613 hoc
741 564 1027 628 frequenter
1066 565 1224 612 curati
1263 569 1379 612 sunt
1390 602 1404 629 ,
1445 578 1505 612 ex
1545 562 1772 627 adipibus

26 690 28 702 1
88 639 335 688 anserinis
374 653 487 687 cera
526 643 575 686 et
612 636 804 701 butyro,
882 642 931 686 et
968 639 1093 701 picis
1132 636 1330 686 brittiae
1375 652 1520 701 saepe
1561 636 1776 685 sedenti-

88 712 184 762 bus
223 717 336 778 post
373 726 605 778 vaporem
644 711 845 774 fumigia
884 711 1191 775 profuerunt.
1262 710 1498 759 iniciendi
1537 715 1652 759 sunt
1691 708 1777 758 ali-

19 780 25 785 ²
89 786 286 851 quando
327 785 434 834 oleo
474 799 617 833 roseo
656 783 734 832 vel
778 789 970 833 murteo
979 823 994 849 ,
1041 790 1090 833 et
1135 785 1463 833 incontinenti
1508 783 1776 832 lemniscus

23 898 26 903 .
89 859 441 924 supponendus
482 863 558 906 est
594 859 646 906 in
677 856 916 906 basilicon
951 857 1145 906 infusus
1178 863 1261 906 aut
1302 860 1543 906 cerotario
1577 872 1636 905 ex
1669 856 1777 905 oleo

17 943 31 956 ·’
89 932 340 999 plumbato
388 931 624 980 confecto,
702 930 812 979 lana
858 933 1049 979 interea
1098 930 1267 979 sucida
1314 929 1776 995 superimponenda,

22 1003 23 1006 ’
91 1022 238 1071 quam
292 1005 585 1055 anadesmus
641 1019 701 1053 ex
756 1019 892 1053 more
949 1006 1204 1053 continere
1253 1003 1466 1053 debebit.
1544 1002 1780 1052 iuvabunt

6 1082 13 1098 ³
91 1095 209 1129 sane
250 1082 398 1129 etiam
437 1078 634 1128 saccelli
670 1077 747 1126 vel
787 1077 1132 1142 cataplasmata
1172 1077 1262 1126 sub
1304 1077 1478 1126 eodem
1516 1077 1779 1126 anadesmo

14 1207 15 1210 ,
90 1155 456 1218 perseverantia
497 1152 556 1201 de
597 1151 800 1216 dactylis
840 1153 892 1200 in
930 1167 1075 1216 passo
1122 1153 1255 1200 tritis
1304 1157 1387 1200 aut
1424 1151 1598 1199 hordei
1638 1148 1779 1214 polli-

90 1227 236 1276 nibus
291 1242 404 1276 cum
431 1225 681 1291 ‚oxymeli
773 1225 847 1274 lac
904 1225 1144 1274 bubulum
1206 1227 1346 1289 potui
1411 1224 1576 1273 datum
1632 1226 1780 1272 iuvat.

18 1448 21 1453 „
212 1403 233 1441 1
275 1396 558 1454 exponendi:
593 1399 659 1441 sic
688 1397 814 1441 rVB
838 1398 912 1453 (=
937 1396 1113 1440 ventris
1154 1395 1375 1453 egerendi
1415 1395 1779 1439 delectationem

95 1457 212 1501 Cael.
247 1458 338 1502 chr.
363 1461 407 1512 4,
430 1458 522 1512 87),
556 1455 819 1513 deponendi
853 1456 948 1500 Gel.
976 1457 1075 1512 (om.
1110 1457 1167 1512 b).
1335 1459 1360 1497 2
1394 1452 1779 1511 vaporibus—in-

3 1521 6 1557 ζ
92 1515 305 1572 dignatio
341 1515 435 1560 Gel.
468 1521 510 1560 et
540 1516 637 1571 (ubi
667 1516 732 1559 sic
763 1514 1015 1572 vaporibus
1047 1514 1381 1558 inminendum.
1416 1514 1463 1556 et
1495 1526 1633 1570 super
1665 1525 1780 1567 quos

6 1587 9 1594 ²
92 1575 299 1619 sedeant.
338 1575 451 1618 tunc
488 1573 772 1632 indignatio)
802 1589 847 1618 r:
888 1587 970 1617 om.
1014 1574 1118 1618 VB.
1181 1575 1288 1617 haec
1319 1574 1360 1616 si
1390 1573 1523 1616 habet
1554 1574 1599 1617 b:
1635 1571 1675 1614 si
1707 1584 1781 1614 co-

0 1649 6 1688 ς
89 1633 319 1677 nationes,
353 1634 436 1676 aut
457 1632 652 1688 pondus.
687 1634 770 1675 aut
794 1631 927 1676 dolor
948 1631 1317 1688 perseveraverit
1349 1644 1465 1687 quas
1497 1630 1777 1673 thenasmon

0 1690 10 1742 ζ
92 1691 396 1750 appellamus.
444 1691 707 1748 Vaporibus
754 1690 1075 1735 inminentium
1113 1692 1185 1734 est
1223 1690 1252 1735 i.
1294 1690 1362 1747 (id
1402 1691 1489 1746 est)
1530 1689 1580 1732 in
1621 1687 1777 1732 calida

0 1749 5 1801 ἒ
92 1752 334 1807 decoques.
366 1749 547 1795 mirthe.
593 1749 764 1794 salicis
804 1750 880 1794 vel
911 1749 1032 1794 olive
1065 1749 1179 1793 folia
1210 1748 1382 1793 viridia
1414 1761 1551 1805 super
1583 1762 1671 1806 que
1708 1760 1776 1790 se-

93 1811 256 1854 dentes
294 1808 558 1866 indignatio
596 1808 683 1852 illa
720 1808 968 1866 mitigatur
1006 1808 1035 1853 i.
1076 1808 1187 1852 fenu
1225 1822 1427 1864 grecum.
1469 1808 1517 1851 et
1555 1806 1775 1851 euiscum.

0 1860 6 1910 3:
91 1869 215 1913 Nam
246 1870 294 1913 et
324 1868 374 1911 in
410 1867 597 1926 tegulas
636 1867 902 1912 candentes
944 1869 992 1911 et
1022 1881 1101 1912 eas
1132 1867 1182 1910 in
1215 1867 1354 1911 scafio
1392 1866 1541 1923 ponis.
1583 1867 1631 1909 et
1670 1878 1777 1909 can-

0 1936 13 1988 55
91 1929 280 1972 tabrum
311 1941 449 1984 super
480 1926 701 1984 aspergis.
748 1928 795 1970 et
826 1927 1023 1984 desuper
1053 1928 1240 1986 acetum
1270 1926 1340 1970 ita
1371 1927 1425 1968 ut
1455 1938 1593 1982 super
1623 1924 1778 1981 ipsum

91 1987 294 2030 halitum
324 1987 497 2031 sedeat.
546 1986 628 2042 qui
657 1985 849 2043 patitur.
900 1985 1023 2029 Nam
1055 1987 1103 2029 et
1133 1984 1360 2029 cerotario
1391 1984 1480 2028 hoc
1511 1984 1780 2039 frequenter

0 2067 5 2094 ,ι
92 2045 244 2090 curati
276 2047 468 2090 sunt...
562 2049 588 2088 3
622 2046 704 2089 est.
738 2044 820 2101 qui
849 2045 934 2089 rV:
969 2046 1089 2088 sunt.
1124 2058 1244 2100 quae
1261 2045 1319 2088 B.
1422 2047 1447 2086 5
1480 2043 1569 2086 hoc
1590 2043 1775 2086 rVBb:

92 2119 175 2150 om.
212 2105 307 2150 Gez.
489 2110 514 2147 6
546 2103 739 2148 brittiae
779 2104 830 2159 V,
861 2103 1038 2147 briciae
1069 2119 1108 2158 r,
1139 2103 1285 2147 bricie
1319 2105 1344 2148 b
1368 2102 1488 2159 (pice
1519 2100 1669 2145 bricia
1700 2101 1775 2157 B).

0 2167 10 2197 '-
93 2177 231 2220 saepe
264 2162 555 2206 sedentibus:
587 2164 644 2218 cf.
671 2165 720 2208 b:
758 2178 803 2220 p.
836 2162 904 2207 br.
937 2161 1137 2219 fumigia
1175 2175 1312 2219 super
1351 2161 1602 2204 catismata
1642 2172 1779 2215 super

0 2248 19 2279 ς
93 2221 365 2266 sedentibus
395 2222 512 2278 prof.
597 2225 623 2264 8
655 2220 904 2265 lemniscus
936 2237 960 2266 r
979 2223 1074 2266 Get.
1101 2221 1320 2277 (leniscus
1353 2222 1416 2277 b):
1448 2218 1699 2262 luminicus
1725 2218 1775 2271 V,

0 2277 22 2318 2‘4‘
92 2280 324 2324 luminoso
357 2280 665 2338 (supponendi
697 2282 830 2325 sunt.
852 2316 861 2325 .
883 2282 931 2336 .!)
963 2281 1020 2324 B.
1175 2284 1200 2322 9
1232 2280 1282 2322 in
1311 2277 1543 2322 basilicon
1573 2276 1778 2319 infusam

92 2342 191 2397 (sic)
223 2339 451 2384 cerotario
483 2353 539 2383 ex
571 2339 672 2383 oleo
704 2339 949 2396 plumbato
983 2338 1193 2383 confecto
1229 2339 1342 2393 ὕει,
1372 2337 1423 2379 in
1452 2335 1684 2379 basilicon
1707 2348 1777 2377 re-

95 2397 274 2442 solutus
314 2399 455 2454 atque
500 2397 682 2442 infusus
730 2400 813 2442 aut
858 2397 1086 2441 cerotario
1136 2411 1193 2440 ex
1239 2396 1340 2440 oleo
1385 2394 1629 2451 plumbato
1669 2406 1777 2436 con-

10 2455 15 2475 ⁷
92 2457 243 2502 fectus
283 2472 328 2514 r,
375 2457 426 2500 in
469 2456 702 2501 basilicon
746 2457 950 2500 infusam
991 2454 1151 2512 (infusi
1190 2456 1252 2511 B)
1299 2452 1525 2498 cerotario
1572 2465 1628 2495 ex
1675 2451 1776 2495 oleo

0 2511 21 2575 ζ
92 2517 311 2573 plumbeo
336 2516 546 2561 confecto
563 2516 758 2573 (-—festo
784 2516 847 2572 V)
874 2515 965 2559 VB
982 2515 1054 2570 (cf.
1082 2514 1292 2569 Eseolap.
1318 2526 1352 2557 c.
1369 2514 1458 2569 30).
1557 2515 1612 2554 10
1627 2509 1777 2566 plum-

11 2579 22 2636 ζ
94 2576 208 2619 bato
238 2591 263 2619 r
282 2576 378 2620 Gel.
411 2575 648 2632 (plumbeo
689 2575 819 2630 VB):
851 2575 908 2627 cf.
946 2574 1050 2616 Gal.
1075 2573 1201 2626 XII,
1225 2575 1332 2615 231.
1492 2568 1777 2626 superimpo-

93 2634 249 2678 nenda
271 2635 330 2678 rb
350 2635 468 2679 Get:
503 2631 923 2689 suproimponendo
949 2631 1000 2686 V,
1027 2629 1446 2686 superimponendo
1470 2629 1517 2672 B
1540 2630 1640 2684 (qui
1662 2642 1776 2673 corr.

93 2692 254 2736 lanam
283 2694 394 2748 etc).
480 2696 533 2735 11
560 2704 701 2746 quam
725 2689 993 2733 anadismus
1011 2690 1092 2745 (sic
1117 2689 1224 2746 VB)
1248 2702 1306 2732 ex
1328 2703 1387 2733 m.
1414 2702 1451 2732 c.
1479 2687 1522 2732 d.
1545 2687 1637 2732 VB
1655 2687 1776 2732 Get:

28 2776 29 2779 =
95 2765 179 2796 om.
210 2765 236 2795 r
259 2751 355 2807 (qui
384 2751 652 2806 simpliciter
682 2750 815 2793 addit
844 2749 892 2791 et
921 2746 1117 2804 liganda
1149 2749 1221 2791 est
1251 2749 1351 2804 (om.
1386 2748 1443 2804 b).
1603 2750 1657 2789 12
1691 2746 1777 2789 sub

94 2824 121 2854 r
139 2809 256 2854 Gel.:
275 2823 357 2853 om.
387 2808 491 2852 VB.
613 2806 857 2851 anadismo
881 2807 1020 2851 rVB.
1145 2810 1200 2849 14
1229 2805 1364 2863 potui
1397 2805 1561 2850 datum
1582 2803 1778 2849 linteolo

96 2866 320 2912 umbilico
357 2865 630 2924 impositum
659 2872 737 2911 etc.
779 2867 882 2911 VB.
924 2866 1137 2910 laewnam
1167 2866 1315 2922 explet
1355 2879 1411 2910 eoe
1441 2866 1537 2910 cod.
1576 2877 1657 2909 suo
1692 2863 1777 2909 Ge-

38 2993 42 2996 ·
96 2927 244 2972 lenius
262 2948 316 2962 =
333 2927 415 2983 rb,
454 2927 538 2971 ubi
568 2927 653 2971 sic:
686 2924 816 2969 olera
847 2923 1055 2969 discocta
1093 2923 1169 2982 (de
1206 2923 1418 2968 caulibus
1458 2924 1563 2969 add.
1596 2924 1640 2981 b)
1672 2936 1778 2968 con·

794 130 1068 177 Loeicus.
1663 128 1775 183 205

1803 949 1845 981 10
