1988 3184
212 142 323 197 488
891 110 1234 181 VINDIGIANI

214 285 414 345 aetateS‚
451 278 502 326 id
542 283 618 326 est
655 275 831 339 flegma
868 275 922 323 in
959 274 1129 338 pueris
1169 287 1283 321 cum
1322 272 1559 335 sanguine
1599 269 1659 320 ah
1697 272 1903 321 ineunte
1952 311 1956 314 .

215 358 371 403 aetate
409 366 567 416 usque
598 352 650 398 in
696 363 851 398 annos
888 346 1044 413 XIIII,
1091 346 1268 396 exinde
1316 344 1514 394 cholera
1552 343 1707 394 rubea
1746 344 1902 394 domi-

214 433 358 476 natur
397 440 508 474 cum
554 428 692 488 parte
731 422 995 490 sanguinis
1043 422 1097 469 in
1142 418 1404 469 iuvenibus
1449 433 1608 483 usque
1648 418 1708 468 ad
1747 433 1904 468 annos

145 518 149 523 ’
213 499 351 549 XXV.
392 497 568 547 exinde
599 511 757 561 usque
790 497 844 544 in
876 509 1031 544 annos
1061 493 1192 542 XLII
1236 494 1448 542 maxima
1490 508 1606 557 pars
1643 493 1904 557 sanguinis

168 584 191 617 5
216 574 494 621 dominatur
542 585 654 620 cum
700 569 898 619 cholera
943 570 1098 632 nigra.
1146 567 1323 616 exinde
1362 581 1520 631 usque
1560 566 1620 616 ad
1661 581 1904 616 summam

214 652 421 696 aetatem
462 646 591 694 sicut
620 645 674 692 in
711 644 881 708 pueris
913 642 1088 705 flegma
1121 642 1414 690 dominatur.
1454 642 1697 690 moriente
1737 646 1903 690 autem
1982 647 1986 702 j

217 721 414 769 homine
454 719 575 767 haec
615 719 778 766 omnia
817 721 1134 765 revertuntur
1173 717 1225 764 in
1265 730 1352 764 sua
1390 714 1510 764 loca.

359 797 616 858 praeterea
646 792 699 841 hi
732 796 964 856 quattuor
1001 805 1201 839 umores
1241 789 1428 838 faciunt
1463 788 1747 839 hominibus
1781 788 1907 839 tales

213 882 390 916 mores
438 868 637 930 sanguis
684 866 800 914 facit
845 865 1072 914 homines
1122 863 1242 912 boni
1293 865 1395 920 voti
1442 862 1691 928 simplices
1737 863 1906 912 mode-

148 952 191 984 10
215 947 347 990 ratos
385 940 590 989 blandos
630 939 895 1004 euchymos
935 954 1021 987 seu
1063 934 1246 1004 (suci)
1284 937 1471 1002 plenos,
1516 937 1712 986 cholera
1751 937 1904 987 rubea

215 1016 330 1064 facit
359 1014 584 1063 homines
613 1013 876 1062 iracundos
915 1014 1202 1076 ingeniosos
1235 1017 1403 1061 acutos
1435 1010 1568 1060 leves
1599 1011 1905 1078 macilentOS,

214 1089 482 1154 plurimum
536 1088 850 1137 comedentes
906 1093 955 1136 et
1008 1087 1105 1135 cito
1161 1086 1457 1150 digerentes.
1514 1085 1710 1135 cholera
1763 1087 1905 1150 nigra

214 1163 332 1212 facit
390 1162 616 1211 homines
680 1161 912 1210 subdolos
976 1176 1088 1210 cum
1143 1160 1412 1226 iracundia,
1474 1175 1644 1208 avaros
1702 1159 1906 1208 timidos
1960 1221 1963 1224 Ι

215 1238 384 1286 tristes
404 1235 761 1285 somniculosos
779 1235 1063 1302 invidiosos,
1080 1235 1369 1299 frequenter
1385 1233 1624 1283 habentes
1646 1235 1905 1283 cicatrices

149 1319 198 1353 15·
216 1312 382 1375 nigras
414 1312 466 1359 in
489 1310 713 1375 pedihus,
743 1309 918 1374 flegma
951 1309 1066 1358 facit
1095 1309 1321 1358 homines
1354 1323 1560 1374 corpore
1592 1309 1907 1374 compositOS,

338 1487 360 1525 1
395 1481 446 1524 id
478 1483 550 1525 est
581 1495 663 1525 om.
701 1481 804 1526 GU.
958 1480 1028 1526 in:
1063 1481 1125 1524 ad
1159 1481 1253 1526 CU.
1407 1485 1432 1523 2
1463 1479 1614 1523 XHII:
1644 1479 1752 1523 XIII
1787 1479 1846 1524 Ge
1867 1480 1914 1524 U

219 1543 382 1597 (usque
413 1541 464 1583 in
495 1554 617 1584 auno
642 1540 772 1584 XIIII
801 1542 839 1597 b,
872 1554 1019 1596 usque
1052 1539 1102 1583 in
1133 1542 1353 1596 quartum
1385 1538 1616 1583 decimum
1647 1552 1821 1582 annum
1844 1541 1904 1596 a).

338 1599 505 1644 exinde
538 1615 620 1645 o‘m.
655 1600 709 1644 P.
833 1604 859 1643 3
892 1614 999 1643 cum
1028 1602 1164 1656 parte
1198 1598 1438 1656 sanguinis
1470 1597 1521 1641 in
1551 1597 1799 1642 iuvenibus
1830 1613 1906 1642 us-

219 1673 308 1714 que
341 1673 423 1704 om.
460 1659 609 1704 CGU.
702 1659 771 1704 in:
806 1659 868 1702 ad
907 1660 958 1715 U,
993 1659 1052 1702 ab
1089 1659 1133 1703 Ο.
1248 1663 1277 1702 4
1308 1657 1475 1702 exinde
1507 1664 1606 1703 ete:
1639 1659 1703 1702 sic
1724 1657 1843 1713 VO(
1845 1660 1907 1715 b),

219 1718 386 1762 exinde
416 1718 623 1762 maxima
652 1733 696 1774 p.
733 1733 766 1763 s,
801 1733 906 1762 cum
937 1718 1169 1762 coleribus
1200 1717 1348 1774 nigris
1382 1716 1650 1761 dominatur
1678 1730 1826 1772 usque
1857 1717 1909 1761 in

219 1791 259 1821 a.
293 1777 418 1820 XLII
442 1777 509 1833 (in
541 1791 716 1821 annum
740 1777 1103 1834 quadragesimfi
1128 1777 1331 1821 secundo
1356 1778 1401 1833 a)
1430 1776 1571 1832 GUa,
1602 1776 1717 1819 Pars
1749 1778 1923 1820 autem·

221 1835 462 1891 sanguinis
496 1851 601 1879 cum
630 1852 675 1880 n.
709 1851 746 1881 c.
783 1837 825 1880 d.
858 1850 1004 1892 usque
1036 1836 1087 1880 in
1119 1851 1160 1882 a.
1184 1836 1308 1879 XLII
1339 1836 1393 1880 P.
1516 1839 1543 1879 5
1575 1834 1743 1879 exinde
1767 1835 1834 1892 (0,
1859 1837 1909 1879 et

220 1895 388 1939 deinde
424 1895 865 1952 GOE—dominatur
899 1896 1055 1941 GGU:
1088 1910 1117 1940 a
1147 1909 1239 1951 quo
1272 1909 1394 1939 anno
1426 1897 1493 1951 (a,
1527 1894 1586 1938 ab
1620 1893 1754 1938 annis
1785 1894 1910 1938 XLII

220 1954 321 2010 PV,
363 1954 423 1997 ab
464 1954 530 1998 eis
564 1956 605 2011 b)
645 1969 790 2010 usque
832 1955 893 1998 ad
932 1970 965 1999 s.
1008 1969 1049 1999 a.
1091 1954 1392 1999 dominantur
1436 1953 1658 2010 flegmata
1698 1953 1819 1998 sicut
1856 1953 1908 1997 in

220 2011 376 2069 pueris
411 2014 485 2069 (P,
517 2013 724 2068 itemque
755 2013 806 2056 in
835 2014 992 2070 pueris
1034 2015 1131 2071 Va).
1234 2021 1258 2058 6
1290 2012 1602 2070 Moriente(m)
1634 2015 1793 2056 autem
1822 2012 1906 2057 ho-

214 2071 421 2128 mine(m)
465 2072 582 2116 haec
614 2072 680 2128 (in
719 2073 897 2117 oriente
935 2073 1136 2118 homine.
1177 2073 1305 2117 Haec
1337 2075 1384 2130 a)
1416 2071 1574 2116 omnia
1610 2073 1908 2116 revertuntur

217 2133 511 2186 (avertuntur
536 2133 596 2188 V)
628 2131 678 2174 in
710 2132 804 2175 suis
829 2132 944 2176 locis
970 2133 1094 2188 Vab,
1127 2131 1357 2176 Moriente
1390 2133 1548 2175 autem
1578 2130 1906 2188 magnitudine

216 2189 260 2234 h.
288 2203 327 2233 0.
360 2204 395 2234 r.
429 2189 479 2233 111
512 2204 597 2234 sua
628 2190 733 2234 loca
765 2192 826 2236 P:
867 2205 951 2237 om.
995 2192 1142 2237 CGU.
1183 2193 1240 2247 cf.
1274 2191 1420 2247 Hipp.
1453 2192 1528 2244 (de
1566 2196 1663 2235 wat.
1703 2191 1837 2246 hom.)
1863 2191 1907 2245 I,

217 2252 309 2293 352
327 2248 384 2292 L.
507 2255 532 2293 8
564 2249 854 2295 hominibus:
886 2250 937 2293 in
966 2250 1235 2295 hominibus
1271 2251 1451 2306 GU(v).
1606 2254 1631 2292 9
1662 2249 1776 2293 boni
1806 2249 1907 2294 voti

226 2307 517 2364 VOGU(v)‚
551 2308 696 2366 (boni)
728 2309 859 2353 volos
892 2324 1036 2366 supra
1070 2311 1155 2366 Ge,
1194 2309 1439 2354 benivolus
1473 2310 1519 2365 b,
1558 2307 1825 2352 bonimotos
1858 2324 1902 2365 a,

217 2366 463 2432 benivolus
495 2367 584 2411 hoc
616 2370 687 2412 est
718 2368 838 2413 bene
869 2368 971 2413 voti
995 2369 1049 2414 P.
1142 2368 1399 2426 simplices:
1436 2368 1707 2412 innocentes
1733 2369 1772 2423 b,
1798 2367 1907 2411 sim-

216 2424 363 2480 phces
395 2425 665 2471 innocentes
698 2428 752 2472 P.
874 2428 1141 2472 moderatos
1173 2429 1249 2473 Pb
1261 2429 1349 2474 Va:
1381 2428 1618 2471 modestos
1653 2426 1801 2471 GGU.

221 2487 276 2526 10
306 2483 369 2527 bl.
404 2497 484 2528 eus
516 2485 681 2529 humos
715 2500 796 2530 seu
826 2486 990 2543 plenos
1011 2487 1108 2532 GU
1129 2489 1224 2543 (sed
1248 2489 1436 2544 punctis
1466 2488 1549 2531 del.
1586 2486 1696 2541 Ge),
1727 2485 1791 2530 bl
1825 2499 1907 2530 seu

221 2556 421 2585 summos
456 2557 537 2587 seu
566 2544 729 2600 plenos
765 2546 810 2601 C,
843 2546 905 2590 bl.
942 2552 1023 2589 seu
1053 2546 1193 2602 pleno
1226 2559 1417 2603 corpore
1441 2561 1485 2602 a,
1516 2544 1719 2589 blandus
1745 2558 1906 2589 somno

218 2600 383 2655 plenus
418 2603 456 2657 b,
488 2602 691 2646 blandus
725 2617 806 2648 seu
837 2604 1002 2660 plenus
1044 2606 1095 2660 V,
1127 2605 1192 2650 bl.
1225 2619 1440 2649 eusomus
1473 2603 1718 2661 seoplenus
1750 2604 1805 2648 P.

224 2663 275 2701 11
312 2662 428 2714 (etc.)
462 2659 672 2705 homines
704 2677 797 2718 rep.
834 2663 982 2719 GGU,
1015 2678 1098 2708 om.
1130 2665 1208 2709 rel.
1333 2669 1387 2708 12
1421 2663 1742 2708 comedentes.
1773 2676 1904 2706 man-

223 2716 445 2761 ducantes
471 2719 551 2763 Va.
673 2736 786 2776 quae
809 2723 882 2766 hic
912 2724 965 2767 de
995 2724 1173 2767 cholera
1202 2724 1340 2781 ‘niqra
1364 2729 1470 2780 post
1498 2737 1554 2767 ea
1576 2736 1690 2779 quae
1719 2723 1774 2767 de
1801 2724 1907 2788 fley-

219 2780 336 2818 mate
366 2776 531 2826 habent
562 2777 640 2822 Pb
652 2780 721 2823 Va
844 2786 897 2824 14
930 2780 1288 2827 somniculosos:
1323 2781 1702 2847 somnolentus-a
1671 2796 1714 2825 α.
1835 2779 1906 2823 in·

219 2831 354 2875 vidos
372 2833 473 2877 PV,
564 2835 833 2891 frequenter
855 2838 1084 2884 habentes
1102 2840 1178 2884 Pb
1190 2841 1279 2885 Va:
1304 2840 1533 2885 habentes
1551 2839 1707 2896 sepius
1729 2839 1907 2895 GU(v),

220 2889 448 2934 habentes
480 2894 626 2949 simpl.
663 2895 708 2939 0.
861 2902 915 2940 15
949 2900 998 2953 (p
1001 2897 1184 2954 edibus)
1215 2898 1292 2942 vel
1323 2899 1369 2942 in
1405 2898 1512 2942 aliis
1543 2897 1765 2943 membris
1795 2898 1902 2943 add.

218 2949 339 2994 solus
373 2949 418 2993 Ο.
539 2951 617 3008 (fl.)
649 2955 826 2998 autem
837 2957 943 3000 add.
976 2956 1030 3000 P
