1988 3184
254 253 348 309 (16)
392 249 522 318 quod
567 247 787 293 simfliter
836 246 1042 292 feminae

197 309 320 354 sicut
356 308 448 354 viri
487 306 742 352 continent.
782 305 855 351 ita
893 308 943 351 et
972 305 1040 351 fe-

194 368 320 412 mine
366 381 487 424 quae
531 366 679 410 habet
723 364 1040 410 testiculus

197 426 397 482 denique
426 424 628 482 parandi
657 423 786 470 viris.
833 424 917 468 sed
946 438 1042 468 non

195 485 294 530 eius
313 484 658 541 conpositiones
674 483 904 528 habentes
919 482 1042 528 sicut

193 543 307 588 viris
347 544 431 587 sed
467 542 670 587 minores
709 544 759 586 et
801 541 1040 586 molliores

194 603 312 647 adeo
338 615 367 646 a
391 601 674 658 quibusdam
698 600 905 645 calidam
936 602 984 646 et
1012 615 1041 645 a

194 660 478 717 quibusdam
507 660 639 704 iurae
665 659 896 704 dicuntur.
930 673 1038 704 con-

195 721 292 764 stat
329 733 440 776 ergo
478 733 574 763 una
612 719 797 763 ratione
841 732 942 763 esse
973 719 1040 763 fe-

193 777 332 822 minis
366 780 414 822 et
452 777 673 822 masculis
707 778 791 822 sed
820 777 1039 822 mulieres

192 837 372 881 habent
426 836 643 882 similiter
696 851 801 881 cum
853 837 1039 882 tunicas

194 898 429 952 quattuor.
472 896 626 953 prima
666 896 935 953 appellatur
973 896 1040 941 fe-

193 968 314 999 reco.
349 955 566 1000 secunda.
599 955 751 1000 facon.
777 955 934 1000 tertia.
959 970 1040 1012 pe-

192 1013 415 1059 refenion.
449 1016 618 1070 quarta
649 1014 938 1072 genuissima
967 1029 1039 1059 ar-

195 1087 274 1116 cus
308 1072 555 1130 apellatur.

252 1661 342 1716 (17)
391 1658 609 1703 similiter
661 1658 833 1703 vulva
885 1659 1038 1716 prima

192 1717 322 1761 cuius
341 1717 587 1762 subiacent
601 1718 875 1762 membrana
894 1718 1038 1762 vulva

192 1775 274 1832 qui
320 1776 530 1820 continet
568 1776 695 1820 facto
739 1777 866 1832 quod
909 1776 1038 1834 greci

193 1834 376 1878 cincion
400 1835 571 1891 culpon
586 1838 771 1880 vocant.
796 1850 908 1879 nam
923 1849 1037 1891 quo-

191 1894 330 1937 modo
363 1896 435 1937 est
458 1894 656 1937 masculi
682 1895 863 1939 deretro
897 1895 964 1938 sic
990 1897 1038 1939 et

190 1951 330 1996 vulve
384 1952 568 1997 collum.
626 1952 748 1997 sicut
800 1953 1038 1997 minuetur

193 2011 328 2054 adest
372 2010 512 2070 vulve
551 2011 834 2055 naturaliter
864 2012 1034 2057 mollis

192 2071 378 2112 constat
399 2071 557 2113 autem
579 2070 803 2114 tuniculis
827 2070 1036 2115 firmissi-

190 2127 279 2170 mis
320 2127 442 2171 sicut
481 2129 662 2172 duabus
707 2129 953 2175 extensior.
989 2133 1036 2174 et

192 2200 388 2230 carnosa
420 2189 503 2232 est
540 2189 588 2231 et
619 2201 815 2232 carnosa
838 2188 1036 2233 interior

191 2246 240 2288 et
269 2259 468 2289 nervosa
491 2245 609 2290 haec
634 2247 930 2304 superposita
962 2250 1035 2292 est

1146 249 1239 316 (16)
1256 245 1480 293 similiter
1492 248 1548 293 e't
1561 230 1789 295 femme

1088 305 1184 351 culi
1220 308 1333 352 sunt
1378 305 1520 351 sicuti
1561 307 1612 352 et
1650 306 1800 354 viria.
1836 362 1838 364 ,

1086 365 1290 410 minores
1307 367 1357 410 et
1371 364 1623 414 molliores.
1647 365 1808 412 ideo·-

1085 438 1308 529 ffiss.
1324 423 1756 529 sesamam·
1770 360 1837 522 2}
1896 539 1898 541 ,

1086 545 1379 588 monstruose
1418 542 1730 600 appellantur.
1814 564 1822 582 ε

1088 603 1186 647 stat
1234 616 1346 660 ergo
1399 615 1496 646 una
1547 601 1761 648 ratione
1869 635 1898 656 ,

1085 660 1201 706 viris
1250 663 1299 706 et
1342 659 1531 706 femine.
1587 661 1671 706 sed
1717 660 1884 706 mvsa<

1086 719 1278 776 quidem
1307 720 1452 766 vulva
1481 720 1640 766 habet.
1674 722 1723 766 et
1751 712 1895 767 tests

1086 779 1183 824 culi
1204 779 1356 824 nostri
1373 781 1482 837 (η’)
1497 778 1684 824 tunicas
1707 779 1911 838 habent

1087 841 1324 895 quattuor.
1356 839 1510 896 prima
1541 853 1633 906 que
1673 838 1937 896 appellans-5<

1085 899 1165 942 tur
1180 912 1304 956 syco.
1323 898 1529 943 secunda
1547 897 1724 943 solidis.
1741 897 1900 947 tertia?

1085 957 1359 1015 peritorion.
1392 959 1562 1014 quarta
1594 959 1754 1002 autem
1864 992 1866 994 ,
1904 963 1918 977 ⁴

1143 1839 1235 1895 (17)
1262 1836 1492 1905 folliculis
1524 1837 1613 1881 hoc
1646 1839 1718 1881 est
1751 1850 1881 1882 vere-

1082 1897 1209 1940 trum
1226 1896 1330 1942 viri
1362 1896 1430 1940 sic
1447 1898 1521 1941 est
1552 1895 1726 1940 collum
1739 1895 1878 1941 mitre

1083 1969 1190 1999 cum
1219 1955 1372 2000 tribus
1411 1954 1735 2000 foraminibus.
1771 1969 1878 2012 por-

1082 2013 1254 2071 rigitur
1289 2015 1352 2059 ad
1382 2014 1577 2072 longum
1618 2013 1750 2082 virge
1795 2028 1879 2071 per

1083 2087 1226 2129 quam
1247 2073 1436 2133 venerie
1466 2088 1578 2118 usus
1609 2073 1877 2131 percipitur.

193 2303 372 2348 directa
402 2304 630 2349 intestina
670 2305 926 2351 diuscervis
957 2306 1035 2351 vel
1077 2312 1082 2318 '

191 2362 350 2419 capita
379 2362 531 2407 tribus
569 2378 653 2420 per
696 2379 813 2420 quas
844 2365 1033 2409 forami-

188 2420 327 2464 nibus
357 2424 632 2479 porregetur
661 2438 829 2478 usque
841 2425 902 2468 ad.
932 2424 1034 2468 lon-

190 2493 301 2535 gum
346 2480 525 2538 inque(i
570 2495 683 2526 corr.
686 2482 768 2539 >ris
817 2482 1032 2527 venerias

122 2537 126 2541 ⁴
189 2538 393 2595 perfice(i
423 2553 535 2584 corr.
538 2541 645 2596 >tur

541 2917 673 2973 Iffi')

1392 2921 1458 2964 Π
1466 2920 1552 2977 (L)
