<?xml version="1.0" encoding="UTF-8"?>
<!DOCTYPE html PUBLIC "-//W3C//DTD XHTML 1.0 Transitional//EN"
    "http://www.w3.org/TR/xhtml1/DTD/xhtml1-transitional.dtd">
<html xmlns="http://www.w3.org/1999/xhtml" xml:lang="en" lang="en">
 <head>
  <title>
</title>
<meta http-equiv="Content-Type" content="text/html;charset=utf-8" />
  <meta name='ocr-system' content='tesseract 3.04.00' />
  <meta name='ocr-capabilities' content='ocr_page ocr_carea ocr_par ocr_line ocrx_word'/>
</head>
<body>
  <div class='ocr_page' id='page_1' title='image "./theoeuporislibr00prisuoft_0416.png"; bbox 0 0 1988 3184; ppageno 0'>
   <div class='ocr_carea' id='block_1_1' title="bbox 180 115 1541 183">
    <p class='ocr_par' dir='ltr' id='par_1_1' title="bbox 180 115 1541 183">
     <span class='ocr_line' id='line_1_1' title="bbox 180 115 1541 183; baseline -0.001 -8"><span class='ocrx_word' id='word_1_1' title='bbox 180 126 290 183; x_wconf 86' lang='lat'>384</span> <span class='ocrx_word' id='word_1_2' title='bbox 490 129 956 173; x_wconf 68' lang='lat' dir='ltr'>Aurmo&#39;rfflmu</span> <span class='ocrx_word' id='word_1_3' title='bbox 984 129 1164 175; x_wconf 79' lang='lat' dir='ltr'><strong>BRUX.</strong></span> <span class='ocrx_word' id='word_1_4' title='bbox 1197 115 1541 173; x_wconf 69' lang='lat' dir='ltr'>SECUNDUM.</span> 
     </span>
    </p>
   </div>
   <div class='ocr_carea' id='block_1_2' title="bbox 178 265 1982 334">
    <p class='ocr_par' dir='ltr' id='par_1_2' title="bbox 178 254 1982 334">
     <span class='ocr_line' id='line_1_2' title="bbox 178 265 1982 334; baseline -0.023 16"><span class='ocrx_word' id='word_1_5' title='bbox 178 274 233 317; x_wconf 87' lang='lat' dir='ltr'>ut</span> <span class='ocrx_word' id='word_1_6' title='bbox 263 267 425 317; x_wconf 66' lang='lat' dir='ltr'>⁸¹¹d⁰r</span> <span class='ocrx_word' id='word_1_7' title='bbox 455 267 663 332; x_wconf 75' lang='lat' dir='ltr'>desinat,</span> <span class='ocrx_word' id='word_1_8' title='bbox 703 267 818 331; x_wconf 72' lang='lat' dir='ltr'>quia</span> <span class='ocrx_word' id='word_1_9' title='bbox 850 265 1015 315; x_wconf 77' lang='lat' dir='ltr'>cordis</span> <span class='ocrx_word' id='word_1_10' title='bbox 1046 265 1124 315; x_wconf 86' lang='lat' dir='ltr'>vel</span> <span class='ocrx_word' id='word_1_11' title='bbox 1155 267 1310 316; x_wconf 89' lang='lat' dir='ltr'>animi</span> <span class='ocrx_word' id='word_1_12' title='bbox 1341 267 1596 332; x_wconf 77' lang='lat' dir='ltr'>angustiae</span> <span class='ocrx_word' id='word_1_13' title='bbox 1637 265 1870 316; x_wconf 81' lang='lat' dir='ltr'>sudorem</span> <span class='ocrx_word' id='word_1_14' title='bbox 1980 330 1982 334; x_wconf 13' lang='lat'><em>7</em></span> 
     </span>
    </p>
   </div>
   <div class='ocr_carea' id='block_1_3' title="bbox 180 342 706 406">
    <p class='ocr_par' dir='ltr' id='par_1_3' title="bbox 180 342 706 406">
     <span class='ocr_line' id='line_1_3' title="bbox 180 342 706 406; baseline -0.006 -15"><span class='ocrx_word' id='word_1_15' title='bbox 180 342 416 406; x_wconf 84' lang='lat' dir='ltr'>frigidum</span> <span class='ocrx_word' id='word_1_16' title='bbox 455 346 706 405; x_wconf 89' lang='lat' dir='ltr'>generant.</span> 
     </span>
    </p>
   </div>
   <div class='ocr_carea' id='block_1_4' title="bbox 177 488 635 553">
    <p class='ocr_par' dir='ltr' id='par_1_4' title="bbox 177 488 635 553">
     <span class='ocr_line' id='line_1_4' title="bbox 177 488 635 553; baseline -0.002 -16"><span class='ocrx_word' id='word_1_17' title='bbox 177 488 340 537; x_wconf 91' lang='lat' dir='ltr'>millae</span> <span class='ocrx_word' id='word_1_18' title='bbox 380 490 635 553; x_wconf 80' lang='lat' dir='ltr'>imponito,</span> 
     </span>
    </p>
   </div>
   <div class='ocr_carea' id='block_1_5' title="bbox 90 559 1937 626">
    <p class='ocr_par' dir='ltr' id='par_1_5' title="bbox 90 559 1937 626">
     <span class='ocr_line' id='line_1_5' title="bbox 90 559 1937 626; baseline -0.003 -14"><span class='ocrx_word' id='word_1_19' title='bbox 90 559 158 612; x_wconf 85' lang='lat'>97</span> <span class='ocrx_word' id='word_1_20' title='bbox 324 561 403 610; x_wconf 87' lang='lat' dir='ltr'>Ad</span> <span class='ocrx_word' id='word_1_21' title='bbox 451 561 676 611; x_wconf 87' lang='lat' dir='ltr'>fluxum</span> <span class='ocrx_word' id='word_1_22' title='bbox 721 562 967 610; x_wconf 73' lang='lat' dir='ltr'>ventris</span> <span class='ocrx_word' id='word_1_23' title='bbox 1024 560 1200 626; x_wconf 90' lang='lat' dir='ltr'>gallam</span> <span class='ocrx_word' id='word_1_24' title='bbox 1247 567 1297 611; x_wconf 92' lang='lat' dir='ltr'>et</span> <span class='ocrx_word' id='word_1_25' title='bbox 1350 567 1528 612; x_wconf 88' lang='lat' dir='ltr'>testam</span> <span class='ocrx_word' id='word_1_26' title='bbox 1574 561 1635 611; x_wconf 88' lang='lat' dir='ltr'>de</span> <span class='ocrx_word' id='word_1_27' title='bbox 1680 560 1870 611; x_wconf 86' lang='lat' dir='ltr'>locusta</span> <span class='ocrx_word' id='word_1_28' title='bbox 1914 571 1937 606; x_wconf 73' lang='grc' dir='ltr'><strong>ο</strong></span> 
     </span>
    </p>
   </div>
   <div class='ocr_carea' id='block_1_6' title="bbox 93 634 1871 774">
    <p class='ocr_par' dir='ltr' id='par_1_6' title="bbox 93 634 1871 774">
     <span class='ocr_line' id='line_1_6' title="bbox 179 634 1401 702; baseline 0.001 -18"><span class='ocrx_word' id='word_1_29' title='bbox 179 637 317 702; x_wconf 83' lang='lat' dir='ltr'>teriS,</span> <span class='ocrx_word' id='word_1_30' title='bbox 356 641 406 684; x_wconf 91' lang='lat' dir='ltr'>et</span> <span class='ocrx_word' id='word_1_31' title='bbox 444 637 602 684; x_wconf 88' lang='lat' dir='ltr'>mittis</span> <span class='ocrx_word' id='word_1_32' title='bbox 642 637 696 684; x_wconf 94' lang='lat' dir='ltr'>in</span> <span class='ocrx_word' id='word_1_33' title='bbox 736 650 881 684; x_wconf 87' lang='lat' dir='ltr'>ovum</span> <span class='ocrx_word' id='word_1_34' title='bbox 921 634 1119 701; x_wconf 82' lang='lat' dir='ltr'>sorbile,</span> <span class='ocrx_word' id='word_1_35' title='bbox 1159 641 1208 684; x_wconf 90' lang='lat' dir='ltr'>et</span> <span class='ocrx_word' id='word_1_36' title='bbox 1247 635 1401 685; x_wconf 86' lang='lat' dir='ltr'>dahis.</span> 
     </span>
     <span class='ocr_line' id='line_1_7' title="bbox 93 707 1871 774; baseline -0.002 -14"><span class='ocrx_word' id='word_1_37' title='bbox 93 707 161 760; x_wconf 87' lang='grc'>98</span> <span class='ocrx_word' id='word_1_38' title='bbox 327 708 407 758; x_wconf 89' lang='lat' dir='ltr'>Ad</span> <span class='ocrx_word' id='word_1_39' title='bbox 447 716 715 759; x_wconf 89' lang='lat' dir='ltr'>ventrem</span> <span class='ocrx_word' id='word_1_40' title='bbox 753 715 815 758; x_wconf 89' lang='lat' dir='ltr'>ut</span> <span class='ocrx_word' id='word_1_41' title='bbox 855 709 1049 758; x_wconf 90' lang='lat' dir='ltr'>faciat.</span> <span class='ocrx_word' id='word_1_42' title='bbox 1097 709 1262 772; x_wconf 87' lang='lat' dir='ltr'>betam</span> <span class='ocrx_word' id='word_1_43' title='bbox 1310 725 1371 759; x_wconf 86' lang='lat' dir='ltr'>ex</span> <span class='ocrx_word' id='word_1_44' title='bbox 1417 725 1543 774; x_wconf 90' lang='lat' dir='ltr'>aqua</span> <span class='ocrx_word' id='word_1_45' title='bbox 1580 708 1740 759; x_wconf 90' lang='lat' dir='ltr'>mulsa</span> <span class='ocrx_word' id='word_1_46' title='bbox 1787 708 1871 757; x_wconf 90' lang='lat' dir='ltr'>de-</span> 
     </span>
    </p>
   </div>
   <div class='ocr_carea' id='block_1_7' title="bbox 179 783 1952 850">
    <p class='ocr_par' dir='ltr' id='par_1_7' title="bbox 179 783 1952 850">
     <span class='ocr_line' id='line_1_8' title="bbox 179 783 1952 850; baseline -0.001 -18"><span class='ocrx_word' id='word_1_47' title='bbox 179 798 377 849; x_wconf 81' lang='lat' dir='ltr'>coqueS,</span> <span class='ocrx_word' id='word_1_48' title='bbox 419 799 590 848; x_wconf 91' lang='lat' dir='ltr'>sparso</span> <span class='ocrx_word' id='word_1_49' title='bbox 630 785 776 832; x_wconf 83' lang='lat' dir='ltr'>nitro.</span> <span class='ocrx_word' id='word_1_50' title='bbox 819 798 931 832; x_wconf 91' lang='lat' dir='ltr'>cum</span> <span class='ocrx_word' id='word_1_51' title='bbox 970 783 1353 850; x_wconf 79' lang='lat' dir='ltr'>manducaverit,</span> <span class='ocrx_word' id='word_1_52' title='bbox 1397 785 1674 848; x_wconf 87' lang='lat' dir='ltr'>impensam</span> <span class='ocrx_word' id='word_1_53' title='bbox 1711 784 1872 847; x_wconf 88' lang='lat' dir='ltr'>ipsam</span> <span class='ocrx_word' id='word_1_54' title='bbox 1947 845 1952 850; x_wconf 17' lang='grc' dir='ltr'><strong><em>θ</em></strong></span> 
     </span>
    </p>
   </div>
   <div class='ocr_carea' id='block_1_8' title="bbox 178 856 326 906">
    <p class='ocr_par' dir='ltr' id='par_1_8' title="bbox 178 856 326 906">
     <span class='ocr_line' id='line_1_9' title="bbox 178 856 326 906; baseline 0.007 -1"><span class='ocrx_word' id='word_1_55' title='bbox 178 856 326 906; x_wconf 87' lang='lat' dir='ltr'>bibat.</span> 
     </span>
    </p>
   </div>
   <div class='ocr_carea' id='block_1_9' title="bbox 90 929 1939 2328">
    <p class='ocr_par' dir='ltr' id='par_1_9' title="bbox 90 929 1939 1054">
     <span class='ocr_line' id='line_1_10' title="bbox 90 929 1939 981; baseline 0 -1"><span class='ocrx_word' id='word_1_56' title='bbox 90 929 159 981; x_wconf 86' lang='lat'>99</span> <span class='ocrx_word' id='word_1_57' title='bbox 326 931 405 980; x_wconf 90' lang='lat' dir='ltr'>Ad</span> <span class='ocrx_word' id='word_1_58' title='bbox 452 931 792 980; x_wconf 72' lang='lat' dir='ltr'>lumbricos</span> <span class='ocrx_word' id='word_1_59' title='bbox 849 931 1100 980; x_wconf 83' lang='lat' dir='ltr'>coriandri</span> <span class='ocrx_word' id='word_1_60' title='bbox 1145 946 1315 980; x_wconf 90' lang='lat' dir='ltr'>semen</span> <span class='ocrx_word' id='word_1_61' title='bbox 1370 946 1483 980; x_wconf 90' lang='lat' dir='ltr'>cum</span> <span class='ocrx_word' id='word_1_62' title='bbox 1536 930 1682 979; x_wconf 87' lang='lat' dir='ltr'>melle</span> <span class='ocrx_word' id='word_1_63' title='bbox 1730 930 1870 980; x_wconf 90' lang='lat' dir='ltr'>dabis</span> <span class='ocrx_word' id='word_1_64' title='bbox 1896 943 1939 975; x_wconf 86' lang='lat'>10</span> 
     </span>
     <span class='ocr_line' id='line_1_11' title="bbox 178 1006 1322 1054; baseline 0.001 -1"><span class='ocrx_word' id='word_1_65' title='bbox 178 1006 490 1054; x_wconf 82' lang='lat' dir='ltr'>manducare.</span> <span class='ocrx_word' id='word_1_66' title='bbox 1317 1049 1322 1054; x_wconf 92' lang='lat'>.</span> 
     </span>
    </p>

    <p class='ocr_par' dir='ltr' id='par_1_10' title="bbox 94 1076 1937 1349">
     <span class='ocr_line' id='line_1_12' title="bbox 94 1076 1871 1145; baseline 0 -17"><span class='ocrx_word' id='word_1_67' title='bbox 94 1076 201 1128; x_wconf 89' lang='grc'>100</span> <span class='ocrx_word' id='word_1_68' title='bbox 328 1079 408 1127; x_wconf 87' lang='lat' dir='ltr'>Ad</span> <span class='ocrx_word' id='word_1_69' title='bbox 448 1079 674 1127; x_wconf 86' lang='lat' dir='ltr'>fluxum</span> <span class='ocrx_word' id='word_1_70' title='bbox 706 1080 950 1127; x_wconf 79' lang='lat' dir='ltr'>ventris,</span> <span class='ocrx_word' id='word_1_71' title='bbox 990 1078 1252 1127; x_wconf 85' lang='lat' dir='ltr'>lenticulae</span> <span class='ocrx_word' id='word_1_72' title='bbox 1289 1080 1499 1142; x_wconf 88' lang='lat' dir='ltr'>agrestis</span> <span class='ocrx_word' id='word_1_73' title='bbox 1532 1093 1702 1128; x_wconf 88' lang='lat' dir='ltr'>semen</span> <span class='ocrx_word' id='word_1_74' title='bbox 1732 1081 1871 1145; x_wconf 81' lang='lat' dir='ltr'>teriS,</span> 
     </span>
     <span class='ocr_line' id='line_1_13' title="bbox 180 1152 1871 1218; baseline 0.001 -17"><span class='ocrx_word' id='word_1_75' title='bbox 180 1158 229 1201; x_wconf 92' lang='lat' dir='ltr'>et</span> <span class='ocrx_word' id='word_1_76' title='bbox 275 1153 414 1201; x_wconf 91' lang='lat' dir='ltr'>dabis</span> <span class='ocrx_word' id='word_1_77' title='bbox 461 1155 513 1201; x_wconf 90' lang='lat' dir='ltr'>in</span> <span class='ocrx_word' id='word_1_78' title='bbox 561 1168 686 1216; x_wconf 92' lang='lat' dir='ltr'>aqua</span> <span class='ocrx_word' id='word_1_79' title='bbox 733 1152 909 1218; x_wconf 87' lang='lat' dir='ltr'>calida,</span> <span class='ocrx_word' id='word_1_80' title='bbox 956 1158 1005 1200; x_wconf 89' lang='lat' dir='ltr'>et</span> <span class='ocrx_word' id='word_1_81' title='bbox 1051 1167 1165 1200; x_wconf 90' lang='lat' dir='ltr'>mox</span> <span class='ocrx_word' id='word_1_82' title='bbox 1205 1154 1474 1216; x_wconf 86' lang='lat' dir='ltr'>restringit.</span> <span class='ocrx_word' id='word_1_83' title='bbox 1516 1154 1665 1201; x_wconf 87' lang='lat' dir='ltr'>etiam</span> <span class='ocrx_word' id='word_1_84' title='bbox 1713 1155 1756 1202; x_wconf 93' lang='lat' dir='ltr'>si</span> <span class='ocrx_word' id='word_1_85' title='bbox 1795 1155 1871 1202; x_wconf 89' lang='lat' dir='ltr'>in-</span> 
     </span>
     <span class='ocr_line' id='line_1_14' title="bbox 181 1225 1870 1293; baseline 0.001 -18"><span class='ocrx_word' id='word_1_86' title='bbox 181 1227 288 1275; x_wconf 87' lang='lat' dir='ltr'>fans</span> <span class='ocrx_word' id='word_1_87' title='bbox 327 1226 512 1275; x_wconf 86' lang='lat' dir='ltr'>lactans</span> <span class='ocrx_word' id='word_1_88' title='bbox 552 1228 752 1292; x_wconf 88' lang='lat' dir='ltr'>patitur,</span> <span class='ocrx_word' id='word_1_89' title='bbox 791 1225 927 1275; x_wconf 86' lang='lat' dir='ltr'>bibat</span> <span class='ocrx_word' id='word_1_90' title='bbox 965 1228 1132 1275; x_wconf 88' lang='lat' dir='ltr'>nutrix</span> <span class='ocrx_word' id='word_1_91' title='bbox 1173 1228 1303 1293; x_wconf 81' lang='lat' dir='ltr'>eiuS,</span> <span class='ocrx_word' id='word_1_92' title='bbox 1343 1232 1392 1275; x_wconf 87' lang='lat' dir='ltr'>et</span> <span class='ocrx_word' id='word_1_93' title='bbox 1431 1225 1578 1275; x_wconf 91' lang='lat' dir='ltr'>lactet</span> <span class='ocrx_word' id='word_1_94' title='bbox 1617 1227 1870 1293; x_wconf 87' lang='lat' dir='ltr'>infantem,</span> 
     </span>
     <span class='ocr_line' id='line_1_15' title="bbox 181 1301 1937 1349; baseline -0.003 0"><span class='ocrx_word' id='word_1_95' title='bbox 181 1306 230 1349; x_wconf 91' lang='lat' dir='ltr'>et</span> <span class='ocrx_word' id='word_1_96' title='bbox 270 1303 436 1349; x_wconf 90' lang='lat' dir='ltr'>statim</span> <span class='ocrx_word' id='word_1_97' title='bbox 476 1301 637 1349; x_wconf 87' lang='lat' dir='ltr'>infans</span> <span class='ocrx_word' id='word_1_98' title='bbox 679 1302 872 1349; x_wconf 86' lang='lat' dir='ltr'>sentiet.</span> <span class='ocrx_word' id='word_1_99' title='bbox 1894 1310 1937 1344; x_wconf 85' lang='lat'>15</span> 
     </span>
    </p>

    <p class='ocr_par' dir='ltr' id='par_1_11' title="bbox 95 1371 1873 1588">
     <span class='ocr_line' id='line_1_16' title="bbox 95 1371 1873 1439; baseline 0 -16"><span class='ocrx_word' id='word_1_100' title='bbox 95 1371 197 1423; x_wconf 85' lang='lat'>101</span> <span class='ocrx_word' id='word_1_101' title='bbox 329 1374 408 1422; x_wconf 91' lang='lat' dir='ltr'>Ad</span> <span class='ocrx_word' id='word_1_102' title='bbox 447 1380 715 1423; x_wconf 88' lang='lat' dir='ltr'>ventrem</span> <span class='ocrx_word' id='word_1_103' title='bbox 747 1373 1098 1423; x_wconf 89' lang='lat' dir='ltr'>faciendum.</span> <span class='ocrx_word' id='word_1_104' title='bbox 1140 1373 1392 1423; x_wconf 87' lang='lat' dir='ltr'>rubricam</span> <span class='ocrx_word' id='word_1_105' title='bbox 1422 1376 1579 1423; x_wconf 90' lang='lat' dir='ltr'>mittis</span> <span class='ocrx_word' id='word_1_106' title='bbox 1611 1376 1663 1423; x_wconf 94' lang='lat' dir='ltr'>in</span> <span class='ocrx_word' id='word_1_107' title='bbox 1696 1390 1873 1439; x_wconf 92' lang='lat' dir='ltr'>aquam</span> 
     </span>
     <span class='ocr_line' id='line_1_17' title="bbox 180 1446 1871 1513; baseline 0.001 -17"><span class='ocrx_word' id='word_1_108' title='bbox 180 1448 400 1513; x_wconf 76' lang='lat' dir='ltr'>calidam,</span> <span class='ocrx_word' id='word_1_109' title='bbox 432 1450 568 1497; x_wconf 88' lang='lat' dir='ltr'>iuxta</span> <span class='ocrx_word' id='word_1_110' title='bbox 600 1448 801 1496; x_wconf 91' lang='lat' dir='ltr'>modum</span> <span class='ocrx_word' id='word_1_111' title='bbox 828 1449 1058 1512; x_wconf 72' lang='lat' dir='ltr'>potionis</span> <span class='ocrx_word' id='word_1_112' title='bbox 1093 1446 1232 1496; x_wconf 89' lang='lat' dir='ltr'>dabis</span> <span class='ocrx_word' id='word_1_113' title='bbox 1264 1454 1448 1512; x_wconf 89' lang='lat' dir='ltr'>potum.</span> <span class='ocrx_word' id='word_1_114' title='bbox 1490 1451 1639 1497; x_wconf 89' lang='lat' dir='ltr'>etiam</span> <span class='ocrx_word' id='word_1_115' title='bbox 1673 1450 1715 1497; x_wconf 91' lang='lat' dir='ltr'>si</span> <span class='ocrx_word' id='word_1_116' title='bbox 1747 1448 1871 1497; x_wconf 90' lang='lat' dir='ltr'>lum-</span> 
     </span>
     <span class='ocr_line' id='line_1_18' title="bbox 179 1521 785 1588; baseline 0.002 -19"><span class='ocrx_word' id='word_1_117' title='bbox 179 1521 306 1571; x_wconf 88' lang='lat' dir='ltr'>brici</span> <span class='ocrx_word' id='word_1_118' title='bbox 347 1524 460 1588; x_wconf 89' lang='lat' dir='ltr'>sint,</span> <span class='ocrx_word' id='word_1_119' title='bbox 502 1521 785 1570; x_wconf 87' lang='lat' dir='ltr'>subsistent.</span> 
     </span>
    </p>

    <p class='ocr_par' dir='ltr' id='par_1_12' title="bbox 94 1592 1938 1956">
     <span class='ocr_line' id='line_1_19' title="bbox 94 1592 1871 1659; baseline 0.001 -16"><span class='ocrx_word' id='word_1_120' title='bbox 94 1592 198 1645; x_wconf 83' lang='grc'>102</span> <span class='ocrx_word' id='word_1_121' title='bbox 328 1596 406 1644; x_wconf 83' lang='lat' dir='ltr'>Ad</span> <span class='ocrx_word' id='word_1_122' title='bbox 462 1611 561 1644; x_wconf 90' lang='lat' dir='ltr'>eos</span> <span class='ocrx_word' id='word_1_123' title='bbox 617 1596 832 1659; x_wconf 91' lang='lat' dir='ltr'>quibus</span> <span class='ocrx_word' id='word_1_124' title='bbox 886 1601 1095 1644; x_wconf 89' lang='lat' dir='ltr'>venter</span> <span class='ocrx_word' id='word_1_125' title='bbox 1149 1597 1314 1645; x_wconf 88' lang='lat' dir='ltr'>iuxta</span> <span class='ocrx_word' id='word_1_126' title='bbox 1375 1595 1871 1645; x_wconf 89' lang='lat' dir='ltr'>consuetudinem</span> 
     </span>
     <span class='ocr_line' id='line_1_20' title="bbox 180 1669 1938 1737; baseline -0.002 -19"><span class='ocrx_word' id='word_1_127' title='bbox 180 1685 293 1719; x_wconf 90' lang='lat' dir='ltr'>non</span> <span class='ocrx_word' id='word_1_128' title='bbox 325 1671 482 1719; x_wconf 88' lang='lat' dir='ltr'>facit.</span> <span class='ocrx_word' id='word_1_129' title='bbox 524 1669 747 1718; x_wconf 89' lang='lat' dir='ltr'>bitumen</span> <span class='ocrx_word' id='word_1_130' title='bbox 771 1671 1031 1735; x_wconf 89' lang='lat' dir='ltr'>virginem,</span> <span class='ocrx_word' id='word_1_131' title='bbox 1061 1669 1267 1718; x_wconf 89' lang='lat' dir='ltr'>herbam</span> <span class='ocrx_word' id='word_1_132' title='bbox 1298 1670 1658 1736; x_wconf 86' lang='lat' dir='ltr'>mercurialem,</span> <span class='ocrx_word' id='word_1_133' title='bbox 1690 1672 1871 1737; x_wconf 82' lang='lat' dir='ltr'>apium,</span> <span class='ocrx_word' id='word_1_134' title='bbox 1895 1681 1938 1715; x_wconf 84' lang='lat'>20</span> 
     </span>
     <span class='ocr_line' id='line_1_21' title="bbox 180 1737 1871 1809; baseline 0.001 -17"><span class='ocrx_word' id='word_1_135' title='bbox 180 1745 472 1792; x_wconf 90' lang='lat' dir='ltr'>damascena</span> <span class='ocrx_word' id='word_1_136' title='bbox 519 1745 736 1808; x_wconf 88' lang='lat' dir='ltr'>quinque</span> <span class='ocrx_word' id='word_1_137' title='bbox 785 1745 836 1791; x_wconf 89' lang='lat' dir='ltr'>in</span> <span class='ocrx_word' id='word_1_138' title='bbox 876 1759 1000 1807; x_wconf 91' lang='lat' dir='ltr'>aqua</span> <span class='ocrx_word' id='word_1_139' title='bbox 1039 1737 1228 1792; x_wconf 82' lang='lat' dir='ltr'>nimfali</span> <span class='ocrx_word' id='word_1_140' title='bbox 1263 1744 1513 1808; x_wconf 87' lang='lat' dir='ltr'>discoque.</span> <span class='ocrx_word' id='word_1_141' title='bbox 1568 1759 1715 1809; x_wconf 90' lang='lat' dir='ltr'>quam</span> <span class='ocrx_word' id='word_1_142' title='bbox 1761 1744 1871 1793; x_wconf 91' lang='lat' dir='ltr'>dili-</span> 
     </span>
     <span class='ocr_line' id='line_1_22' title="bbox 181 1817 1869 1884; baseline 0.001 -19"><span class='ocrx_word' id='word_1_143' title='bbox 181 1820 467 1882; x_wconf 88' lang='lat' dir='ltr'>gentissime</span> <span class='ocrx_word' id='word_1_144' title='bbox 517 1817 649 1866; x_wconf 90' lang='lat' dir='ltr'>colas</span> <span class='ocrx_word' id='word_1_145' title='bbox 697 1823 746 1866; x_wconf 90' lang='lat' dir='ltr'>et</span> <span class='ocrx_word' id='word_1_146' title='bbox 791 1817 942 1866; x_wconf 87' lang='lat' dir='ltr'>facies</span> <span class='ocrx_word' id='word_1_147' title='bbox 990 1833 1050 1866; x_wconf 89' lang='lat' dir='ltr'>ex</span> <span class='ocrx_word' id='word_1_148' title='bbox 1098 1819 1205 1882; x_wconf 90' lang='lat' dir='ltr'>ipsa</span> <span class='ocrx_word' id='word_1_149' title='bbox 1252 1833 1377 1882; x_wconf 90' lang='lat' dir='ltr'>aqua</span> <span class='ocrx_word' id='word_1_150' title='bbox 1415 1818 1634 1884; x_wconf 87' lang='lat' dir='ltr'>drogari,</span> <span class='ocrx_word' id='word_1_151' title='bbox 1682 1820 1734 1867; x_wconf 91' lang='lat' dir='ltr'>in</span> <span class='ocrx_word' id='word_1_152' title='bbox 1773 1834 1869 1883; x_wconf 89' lang='lat' dir='ltr'>quo</span> 
     </span>
     <span class='ocr_line' id='line_1_23' title="bbox 180 1891 1297 1956; baseline 0.001 -17"><span class='ocrx_word' id='word_1_153' title='bbox 180 1892 430 1940; x_wconf 88' lang='lat' dir='ltr'>modicum</span> <span class='ocrx_word' id='word_1_154' title='bbox 471 1891 567 1940; x_wconf 90' lang='lat' dir='ltr'>olei</span> <span class='ocrx_word' id='word_1_155' title='bbox 606 1892 803 1940; x_wconf 91' lang='lat' dir='ltr'>adicies.</span> <span class='ocrx_word' id='word_1_156' title='bbox 845 1891 989 1939; x_wconf 87' lang='lat' dir='ltr'>datur</span> <span class='ocrx_word' id='word_1_157' title='bbox 1029 1893 1076 1940; x_wconf 92' lang='lat' dir='ltr'>ei</span> <span class='ocrx_word' id='word_1_158' title='bbox 1114 1897 1297 1956; x_wconf 88' lang='lat' dir='ltr'>potum.</span> 
     </span>
    </p>

    <p class='ocr_par' dir='ltr' id='par_1_13' title="bbox 96 1960 1938 2161">
     <span class='ocr_line' id='line_1_24' title="bbox 96 1960 1888 2030; baseline 0.001 -17"><span class='ocrx_word' id='word_1_159' title='bbox 96 1962 200 2014; x_wconf 82' lang='lat'>103</span> <span class='ocrx_word' id='word_1_160' title='bbox 329 1965 407 2014; x_wconf 85' lang='lat' dir='ltr'>Ad</span> <span class='ocrx_word' id='word_1_161' title='bbox 442 1965 724 2014; x_wconf 88' lang='lat' dir='ltr'>duritiam</span> <span class='ocrx_word' id='word_1_162' title='bbox 757 1966 1000 2013; x_wconf 79' lang='lat' dir='ltr'>ventris,</span> <span class='ocrx_word' id='word_1_163' title='bbox 1042 1967 1094 2013; x_wconf 92' lang='lat' dir='ltr'>in</span> <span class='ocrx_word' id='word_1_164' title='bbox 1125 1965 1286 2014; x_wconf 89' lang='lat' dir='ltr'>tribus</span> <span class='ocrx_word' id='word_1_165' title='bbox 1320 1967 1496 2015; x_wconf 87' lang='lat' dir='ltr'>caricis</span> <span class='ocrx_word' id='word_1_166' title='bbox 1528 1960 1888 2030; x_wconf 82' lang='lat' dir='ltr'>pinguissimis</span> 
     </span>
     <span class='ocr_line' id='line_1_25' title="bbox 182 2039 1938 2105; baseline 0.001 -18"><span class='ocrx_word' id='word_1_167' title='bbox 182 2041 419 2104; x_wconf 85' lang='lat' dir='ltr'>exprimis</span> <span class='ocrx_word' id='word_1_168' title='bbox 459 2039 547 2104; x_wconf 89' lang='lat' dir='ltr'>lac,</span> <span class='ocrx_word' id='word_1_169' title='bbox 588 2045 636 2087; x_wconf 94' lang='lat' dir='ltr'>et</span> <span class='ocrx_word' id='word_1_170' title='bbox 676 2039 884 2087; x_wconf 82' lang='lat' dir='ltr'>dimittis</span> <span class='ocrx_word' id='word_1_171' title='bbox 925 2041 976 2087; x_wconf 91' lang='lat' dir='ltr'>in</span> <span class='ocrx_word' id='word_1_172' title='bbox 1017 2039 1176 2105; x_wconf 84' lang='lat' dir='ltr'>ollam,</span> <span class='ocrx_word' id='word_1_173' title='bbox 1215 2042 1282 2088; x_wconf 89' lang='lat' dir='ltr'>ita</span> <span class='ocrx_word' id='word_1_174' title='bbox 1321 2046 1375 2088; x_wconf 90' lang='lat' dir='ltr'>ut</span> <span class='ocrx_word' id='word_1_175' title='bbox 1412 2054 1568 2104; x_wconf 90' lang='lat' dir='ltr'>paene</span> <span class='ocrx_word' id='word_1_176' title='bbox 1610 2042 1674 2089; x_wconf 91' lang='lat' dir='ltr'>sit</span> <span class='ocrx_word' id='word_1_177' title='bbox 1711 2039 1868 2104; x_wconf 90' lang='lat' dir='ltr'>plena.</span> <span class='ocrx_word' id='word_1_178' title='bbox 1896 2049 1938 2083; x_wconf 83' lang='lat'>25</span> 
     </span>
     <span class='ocr_line' id='line_1_26' title="bbox 182 2112 802 2161; baseline 0 0"><span class='ocrx_word' id='word_1_179' title='bbox 182 2112 320 2161; x_wconf 90' lang='lat' dir='ltr'>dabis</span> <span class='ocrx_word' id='word_1_180' title='bbox 359 2113 452 2161; x_wconf 94' lang='lat' dir='ltr'>hoc</span> <span class='ocrx_word' id='word_1_181' title='bbox 492 2113 802 2161; x_wconf 87' lang='lat' dir='ltr'>manducare.</span> 
     </span>
    </p>

    <p class='ocr_par' dir='ltr' id='par_1_14' title="bbox 98 2182 1873 2328">
     <span class='ocr_line' id='line_1_27' title="bbox 98 2182 1870 2252; baseline 0.002 -18"><span class='ocrx_word' id='word_1_182' title='bbox 98 2182 204 2234; x_wconf 84' lang='grc'>104</span> <span class='ocrx_word' id='word_1_183' title='bbox 236 2209 238 2211; x_wconf 92' lang='grc'><em>·</em></span> <span class='ocrx_word' id='word_1_184' title='bbox 333 2186 442 2244; x_wconf 88' lang='lat' dir='ltr'>Qui</span> <span class='ocrx_word' id='word_1_185' title='bbox 483 2193 617 2235; x_wconf 88' lang='lat' dir='ltr'>sunt</span> <span class='ocrx_word' id='word_1_186' title='bbox 653 2188 1044 2251; x_wconf 84' lang='lat' dir='ltr'>pinguissimi</span> <span class='ocrx_word' id='word_1_187' title='bbox 1077 2202 1327 2252; x_wconf 84' lang='lat' dir='ltr'>corpore</span> <span class='ocrx_word' id='word_1_188' title='bbox 1359 2193 1421 2236; x_wconf 88' lang='lat' dir='ltr'>ut</span> <span class='ocrx_word' id='word_1_189' title='bbox 1454 2193 1870 2238; x_wconf 85' lang='lat' dir='ltr'>extenuentur.</span> 
     </span>
     <span class='ocr_line' id='line_1_28' title="bbox 184 2259 1873 2328; baseline 0.001 -20"><span class='ocrx_word' id='word_1_190' title='bbox 184 2261 412 2324; x_wconf 84' lang='lat' dir='ltr'>ossifragi</span> <span class='ocrx_word' id='word_1_191' title='bbox 451 2263 552 2309; x_wconf 88' lang='lat' dir='ltr'>avis</span> <span class='ocrx_word' id='word_1_192' title='bbox 591 2259 918 2309; x_wconf 88' lang='lat' dir='ltr'>ventriculum</span> <span class='ocrx_word' id='word_1_193' title='bbox 951 2262 1136 2310; x_wconf 89' lang='lat' dir='ltr'>siccum</span> <span class='ocrx_word' id='word_1_194' title='bbox 1176 2261 1232 2309; x_wconf 90' lang='lat' dir='ltr'>ad</span> <span class='ocrx_word' id='word_1_195' title='bbox 1273 2266 1497 2310; x_wconf 89' lang='lat' dir='ltr'>ventrem</span> <span class='ocrx_word' id='word_1_196' title='bbox 1537 2261 1772 2328; x_wconf 89' lang='lat' dir='ltr'>alligabis,</span> <span class='ocrx_word' id='word_1_197' title='bbox 1804 2264 1873 2311; x_wconf 91' lang='lat' dir='ltr'>ita</span> 
     </span>
    </p>
   </div>
   <div class='ocr_carea' id='block_1_10' title="bbox 182 2335 1953 2402">
    <p class='ocr_par' dir='ltr' id='par_1_15' title="bbox 182 2335 1953 2402">
     <span class='ocr_line' id='line_1_29' title="bbox 182 2335 1953 2402; baseline 0.001 -20"><span class='ocrx_word' id='word_1_198' title='bbox 182 2340 237 2383; x_wconf 92' lang='lat' dir='ltr'>ut</span> <span class='ocrx_word' id='word_1_199' title='bbox 278 2349 456 2399; x_wconf 89' lang='lat' dir='ltr'>corpus</span> <span class='ocrx_word' id='word_1_200' title='bbox 497 2336 749 2398; x_wconf 89' lang='lat' dir='ltr'>contingat</span> <span class='ocrx_word' id='word_1_201' title='bbox 788 2340 836 2383; x_wconf 91' lang='lat' dir='ltr'>et</span> <span class='ocrx_word' id='word_1_202' title='bbox 869 2350 981 2382; x_wconf 89' lang='lat' dir='ltr'>cum</span> <span class='ocrx_word' id='word_1_203' title='bbox 1012 2335 1211 2383; x_wconf 91' lang='lat' dir='ltr'>homine</span> <span class='ocrx_word' id='word_1_204' title='bbox 1243 2342 1449 2384; x_wconf 85' lang='lat' dir='ltr'>maneat.</span> <span class='ocrx_word' id='word_1_205' title='bbox 1491 2336 1551 2384; x_wconf 91' lang='lat' dir='ltr'>ad</span> <span class='ocrx_word' id='word_1_206' title='bbox 1587 2335 1871 2402; x_wconf 87' lang='lat' dir='ltr'>exilitatem,</span> <span class='ocrx_word' id='word_1_207' title='bbox 1947 2370 1953 2374; x_wconf 89' lang='lat'><em>-</em></span> 
     </span>
    </p>
   </div>
   <div class='ocr_carea' id='block_1_11' title="bbox 98 2408 1937 2620">
    <p class='ocr_par' dir='ltr' id='par_1_16' title="bbox 98 2408 1937 2620">
     <span class='ocr_line' id='line_1_30' title="bbox 185 2408 1937 2474; baseline -0.002 -18"><span class='ocrx_word' id='word_1_208' title='bbox 185 2414 421 2472; x_wconf 88' lang='lat' dir='ltr'>quantum</span> <span class='ocrx_word' id='word_1_209' title='bbox 459 2408 683 2474; x_wconf 89' lang='lat' dir='ltr'>voluerit,</span> <span class='ocrx_word' id='word_1_210' title='bbox 714 2410 891 2456; x_wconf 90' lang='lat' dir='ltr'>veniet.</span> <span class='ocrx_word' id='word_1_211' title='bbox 1893 2420 1937 2454; x_wconf 81' lang='lat'>30</span> 
     </span>
     <span class='ocr_line' id='line_1_31' title="bbox 98 2478 1871 2532; baseline 0.001 -1"><span class='ocrx_word' id='word_1_212' title='bbox 98 2478 202 2531; x_wconf 77' lang='lat'>105</span> <span class='ocrx_word' id='word_1_213' title='bbox 330 2481 408 2529; x_wconf 88' lang='lat' dir='ltr'>Ad</span> <span class='ocrx_word' id='word_1_214' title='bbox 463 2484 691 2530; x_wconf 89' lang='lat' dir='ltr'>ventris</span> <span class='ocrx_word' id='word_1_215' title='bbox 748 2478 1143 2531; x_wconf 83' lang='lat' dir='ltr'>strictionem.</span> <span class='ocrx_word' id='word_1_216' title='bbox 1197 2488 1451 2531; x_wconf 87' lang='lat' dir='ltr'>castaneae</span> <span class='ocrx_word' id='word_1_217' title='bbox 1501 2484 1635 2531; x_wconf 90' lang='lat' dir='ltr'>coria</span> <span class='ocrx_word' id='word_1_218' title='bbox 1680 2484 1775 2531; x_wconf 91' lang='lat' dir='ltr'>tria</span> <span class='ocrx_word' id='word_1_219' title='bbox 1822 2489 1871 2532; x_wconf 89' lang='lat' dir='ltr'>et</span> 
     </span>
     <span class='ocr_line' id='line_1_32' title="bbox 183 2555 1868 2620; baseline 0.001 -18"><span class='ocrx_word' id='word_1_220' title='bbox 183 2555 299 2603; x_wconf 90' lang='lat' dir='ltr'>mali</span> <span class='ocrx_word' id='word_1_221' title='bbox 338 2569 392 2603; x_wconf 86' lang='lat' dir='ltr'>ac</span> <span class='ocrx_word' id='word_1_222' title='bbox 425 2556 537 2620; x_wconf 86' lang='lat' dir='ltr'>piri,</span> <span class='ocrx_word' id='word_1_223' title='bbox 577 2562 626 2604; x_wconf 90' lang='lat' dir='ltr'>et</span> <span class='ocrx_word' id='word_1_224' title='bbox 665 2571 805 2604; x_wconf 88' lang='lat' dir='ltr'>rosae</span> <span class='ocrx_word' id='word_1_225' title='bbox 847 2555 1006 2605; x_wconf 82' lang='lat' dir='ltr'>ssoreS.</span> <span class='ocrx_word' id='word_1_226' title='bbox 1055 2557 1107 2604; x_wconf 91' lang='lat' dir='ltr'>in</span> <span class='ocrx_word' id='word_1_227' title='bbox 1147 2572 1271 2620; x_wconf 88' lang='lat' dir='ltr'>aqua</span> <span class='ocrx_word' id='word_1_228' title='bbox 1311 2555 1465 2605; x_wconf 86' lang='lat' dir='ltr'>calida</span> <span class='ocrx_word' id='word_1_229' title='bbox 1504 2555 1643 2604; x_wconf 92' lang='lat' dir='ltr'>dabis</span> <span class='ocrx_word' id='word_1_230' title='bbox 1682 2555 1868 2606; x_wconf 83' lang='lat' dir='ltr'>bibere.</span> 
     </span>
    </p>
   </div>
   <div class='ocr_carea' id='block_1_12' title="bbox 184 2752 1870 2991">
    <p class='ocr_par' dir='ltr' id='par_1_17' title="bbox 184 2752 1870 2931">
     <span class='ocr_line' id='line_1_33' title="bbox 302 2752 1870 2813; baseline 0.003 -18"><span class='ocrx_word' id='word_1_231' title='bbox 302 2758 327 2795; x_wconf 88' lang='lat'><strong>3</strong></span> <span class='ocrx_word' id='word_1_232' title='bbox 360 2752 479 2797; x_wconf 78' lang='lat' dir='ltr'>Item</span> <span class='ocrx_word' id='word_1_233' title='bbox 509 2755 575 2800; x_wconf 90' lang='lat' dir='ltr'>B:</span> <span class='ocrx_word' id='word_1_234' title='bbox 609 2756 663 2799; x_wconf 93' lang='lat' dir='ltr'>In</span> <span class='ocrx_word' id='word_1_235' title='bbox 693 2757 759 2800; x_wconf 81' lang='lat' dir='ltr'>ed.</span> <span class='ocrx_word' id='word_1_236' title='bbox 884 2762 908 2801; x_wconf 81' lang='lat'>7</span> <span class='ocrx_word' id='word_1_237' title='bbox 955 2757 1008 2800; x_wconf 85' lang='lat' dir='ltr'>ut</span> <span class='ocrx_word' id='word_1_238' title='bbox 1038 2755 1186 2800; x_wconf 83' lang='lat' dir='ltr'>faciat</span> <span class='ocrx_word' id='word_1_239' title='bbox 1219 2757 1321 2812; x_wconf 81' lang='lat' dir='ltr'>(sic)</span> <span class='ocrx_word' id='word_1_240' title='bbox 1352 2755 1399 2799; x_wconf 89' lang='grc' dir='ltr'><em>Β</em></span> <span class='ocrx_word' id='word_1_241' title='bbox 1410 2775 1419 2801; x_wconf 91' lang='lat'><strong>:</strong></span> <span class='ocrx_word' id='word_1_242' title='bbox 1460 2768 1542 2801; x_wconf 85' lang='lat' dir='ltr'>om.</span> <span class='ocrx_word' id='word_1_243' title='bbox 1576 2756 1642 2801; x_wconf 83' lang='lat' dir='ltr'>ed.</span> <span class='ocrx_word' id='word_1_244' title='bbox 1678 2756 1777 2813; x_wconf 77' lang='lat' dir='ltr'>(qui</span> <span class='ocrx_word' id='word_1_245' title='bbox 1808 2756 1870 2800; x_wconf 87' lang='lat' dir='ltr'>ad</span> 
     </span>
     <span class='ocr_line' id='line_1_34' title="bbox 184 2813 1867 2870; baseline 0.005 -18"><span class='ocrx_word' id='word_1_246' title='bbox 184 2813 395 2854; x_wconf 83' lang='lat' dir='ltr'>ventrem</span> <span class='ocrx_word' id='word_1_247' title='bbox 425 2815 568 2857; x_wconf 79' lang='lat' dir='ltr'>trahit</span> <span class='ocrx_word' id='word_1_248' title='bbox 598 2815 661 2858; x_wconf 80' lang='lat' dir='ltr'>ad</span> <span class='ocrx_word' id='word_1_249' title='bbox 691 2829 725 2858; x_wconf 87' lang='lat' dir='ltr'>c.</span> <span class='ocrx_word' id='word_1_250' title='bbox 753 2818 848 2870; x_wconf 85' lang='lat'><em>97).</em></span> <span class='ocrx_word' id='word_1_251' title='bbox 984 2820 1040 2859; x_wconf 91' lang='grc'>10</span> <span class='ocrx_word' id='word_1_252' title='bbox 1072 2814 1304 2859; x_wconf 80' lang='lat' dir='ltr'>coliandri</span> <span class='ocrx_word' id='word_1_253' title='bbox 1334 2815 1393 2860; x_wconf 90' lang='lat' dir='ltr'>B.</span> <span class='ocrx_word' id='word_1_254' title='bbox 1510 2819 1566 2858; x_wconf 88' lang='lat'>14</span> <span class='ocrx_word' id='word_1_255' title='bbox 1596 2814 1776 2859; x_wconf 80' lang='lat' dir='ltr'>lactens</span> <span class='ocrx_word' id='word_1_256' title='bbox 1808 2815 1867 2860; x_wconf 85' lang='lat' dir='ltr'>B:</span> 
     </span>
     <span class='ocr_line' id='line_1_35' title="bbox 186 2869 1748 2931; baseline 0.005 -21"><span class='ocrx_word' id='word_1_257' title='bbox 186 2873 239 2911; x_wconf 80' lang='lat'>21</span> <span class='ocrx_word' id='word_1_258' title='bbox 273 2869 503 2925; x_wconf 83' lang='lat' dir='ltr'>nimphali</span> <span class='ocrx_word' id='word_1_259' title='bbox 536 2873 651 2927; x_wconf 81' lang='lat' dir='ltr'>(hic)</span> <span class='ocrx_word' id='word_1_260' title='bbox 685 2873 743 2916; x_wconf 93' lang='lat' dir='ltr'>B.</span> <span class='ocrx_word' id='word_1_261' title='bbox 922 2878 977 2916; x_wconf 80' lang='lat'>22</span> <span class='ocrx_word' id='word_1_262' title='bbox 1005 2873 1194 2930; x_wconf 85' lang='lat' dir='ltr'>drogari</span> <span class='ocrx_word' id='word_1_263' title='bbox 1227 2876 1331 2930; x_wconf 78' lang='lat' dir='ltr'>(sic)</span> <span class='ocrx_word' id='word_1_264' title='bbox 1360 2875 1406 2918; x_wconf 89' lang='lat' dir='ltr'><em>B</em></span> <span class='ocrx_word' id='word_1_265' title='bbox 1440 2875 1622 2931; x_wconf 81' lang='lat' dir='ltr'>(potum</span> <span class='ocrx_word' id='word_1_266' title='bbox 1651 2875 1748 2930; x_wconf 84' lang='lat' dir='ltr'>ed.).</span> 
     </span>
    </p>

    <p class='ocr_par' dir='ltr' id='par_1_18' title="bbox 186 2929 1868 2991">
     <span class='ocr_line' id='line_1_36' title="bbox 186 2929 1868 2991; baseline 0.006 -23"><span class='ocrx_word' id='word_1_267' title='bbox 186 2931 242 2969; x_wconf 81' lang='lat'>23</span> <span class='ocrx_word' id='word_1_268' title='bbox 273 2929 389 2982; x_wconf 66' lang='lat' dir='ltr'>poti-1</span> <span class='ocrx_word' id='word_1_269' title='bbox 413 2929 458 2970; x_wconf 93' lang='lat' dir='ltr'><em>B</em></span> <span class='ocrx_word' id='word_1_270' title='bbox 486 2932 584 2984; x_wconf 82' lang='lat' dir='ltr'>(hic</span> <span class='ocrx_word' id='word_1_271' title='bbox 614 2944 696 2974; x_wconf 87' lang='lat' dir='ltr'>om.</span> <span class='ocrx_word' id='word_1_272' title='bbox 722 2932 824 2986; x_wconf 65' lang='lat' dir='ltr'>ed).</span> <span class='ocrx_word' id='word_1_273' title='bbox 911 2936 968 2975; x_wconf 80' lang='lat'>28</span> <span class='ocrx_word' id='word_1_274' title='bbox 999 2935 1365 2991; x_wconf 80' lang='lat' dir='ltr'>ventrem—(29)</span> <span class='ocrx_word' id='word_1_275' title='bbox 1389 2934 1580 2977; x_wconf 74' lang='lat' dir='ltr'>maneat</span> <span class='ocrx_word' id='word_1_276' title='bbox 1610 2934 1664 2977; x_wconf 73' lang='lat' dir='ltr'>in</span> <span class='ocrx_word' id='word_1_277' title='bbox 1692 2946 1782 2978; x_wconf 79' lang='lat' dir='ltr'>ras.</span> <span class='ocrx_word' id='word_1_278' title='bbox 1807 2932 1868 2978; x_wconf 82' lang='grc' dir='ltr'>Β.</span> 
     </span>
    </p>
   </div>
   <div class='ocr_carea' id='block_1_13' title="bbox 1754 0 1988 377">
    <p class='ocr_par' dir='ltr' id='par_1_19' title="bbox 1754 0 1988 377">
     <span class='ocr_line' id='line_1_37' title="bbox 1754 0 1988 377; baseline 0.034 -7"><span class='ocrx_word' id='word_1_279' title='bbox 1754 0 1988 377; x_wconf 95' lang='lat' dir='ltr'>   </span> 
     </span>
    </p>
   </div>
   <div class='ocr_carea' id='block_1_14' title="bbox 91 387 1984 480">
    <p class='ocr_par' dir='ltr' id='par_1_20' title="bbox 91 387 1984 485">
     <span class='ocr_line' id='line_1_38' title="bbox 91 387 1984 480; baseline -0.001 -16"><span class='ocrx_word' id='word_1_280' title='bbox 91 412 161 464; x_wconf 88' lang='lat'>96</span> <span class='ocrx_word' id='word_1_281' title='bbox 325 415 483 464; x_wconf 90' lang='lat' dir='ltr'>Item.</span> <span class='ocrx_word' id='word_1_282' title='bbox 531 416 646 462; x_wconf 86' lang='lat' dir='ltr'>vino</span> <span class='ocrx_word' id='word_1_283' title='bbox 692 428 830 463; x_wconf 91' lang='lat' dir='ltr'>mero</span> <span class='ocrx_word' id='word_1_284' title='bbox 872 415 1127 478; x_wconf 91' lang='lat' dir='ltr'>spongiam</span> <span class='ocrx_word' id='word_1_285' title='bbox 1164 428 1383 480; x_wconf 89' lang='lat' dir='ltr'>macera,</span> <span class='ocrx_word' id='word_1_286' title='bbox 1422 420 1472 463; x_wconf 88' lang='lat' dir='ltr'>et</span> <span class='ocrx_word' id='word_1_287' title='bbox 1503 415 1735 463; x_wconf 88' lang='lat' dir='ltr'>sinistrae</span> <span class='ocrx_word' id='word_1_288' title='bbox 1767 428 1870 463; x_wconf 88' lang='lat' dir='ltr'>ma·</span> <span class='ocrx_word' id='word_1_289' title='bbox 1965 387 1984 461; x_wconf 80' lang='lat'>3</span> 
     </span>
    </p>
   </div>
   <div class='ocr_carea' id='block_1_15' title="bbox 1971 556 1981 570">
    <p class='ocr_par' dir='ltr' id='par_1_21' title="bbox 1971 556 1981 570">
     <span class='ocr_line' id='line_1_39' title="bbox 1971 556 1981 570; baseline 0 0"><span class='ocrx_word' id='word_1_290' title='bbox 1971 556 1975 570; x_wconf 74' lang='lat' dir='ltr'>l</span> <span class='ocrx_word' id='word_1_291' title='bbox 1980 567 1981 570; x_wconf 68' lang='grc'>,</span> 
     </span>
    </p>
   </div>
  </div>
 </body>
</html>
