1988 3184
715 138 1159 182 ADm‘rAMEN'rA.
1665 138 1773 192 299

211 257 583 314 Verrucarum
613 281 821 326 genera
853 267 934 312 sic
966 270 1196 314 curabis
1229 272 1283 314 et
1307 270 1515 315 clavos.
1563 270 1773 315 Murinus

97 334 286 392 sanguis
325 334 526 379 illinitus
572 347 790 378 verrucas
836 334 976 379 tollit.
1032 335 1173 380 intibi
1212 335 1400 380 erratici
1439 336 1600 382 florem
1636 351 1774 382 mane

96 399 279 445 ieiunus
310 400 457 457 legito
490 402 538 444 et
569 413 625 444 ex
656 413 710 444 00
741 413 957 445 verrucas
990 401 1259 458 confricato,
1292 401 1386 446 cito
1419 405 1566 447 sanat.
1616 402 1774 447 canini

100 466 199 510 fimi
227 466 381 523 pulvis
413 480 519 510 cum
557 479 662 510 cera
703 466 904 510 illinitus
943 481 1158 511 verrucas
1191 469 1339 512 sanat.
1389 481 1445 511 ex
1475 467 1611 512 urina
1643 468 1772 513 canis

97 531 250 576 lutum
279 531 550 589 impositum
580 545 795 576 verrucas
836 534 883 577 et
915 533 1071 577 clavos
1112 533 1329 589 extirpat.
1376 547 1597 578 verrucae
1637 547 1694 578 ex
1726 549 1773 579 se
1796 546 1817 579 5

96 598 294 655 cadunt,
336 598 376 642 si
415 611 520 641 cum
550 597 708 642 cunila
737 598 879 642 viridi
910 612 988 642 eas
1026 598 1163 643 frices
1203 599 1402 644 assidue.
1449 613 1665 643 verrucas
1697 613 1773 644 ex-

94 663 256 720 tirpas‚
289 664 330 707 si
360 666 501 707 noctu
534 663 711 707 stillam
742 678 1079 720 quamcumque
1118 666 1358 709 decurrere
1389 664 1576 721 videris,
1609 666 1774 710 eadem

93 728 198 772 loca
228 728 310 773 ubi
340 741 560 773 verrucae
593 731 701 772 sunt
733 730 960 787 detergas.
1009 731 1135 785 quod
1167 730 1206 773 si
1239 731 1365 774 nuda
1398 745 1538 774 manu
1568 731 1770 787 terseris,

94 794 145 838 in
173 809 364 838 manum
392 796 649 838 transeunt.
682 794 898 851 lapillum
929 795 1313 851 qualemcumque
1344 796 1395 839 in
1425 796 1539 840 folio
1570 797 1771 841 hederae

92 859 357 904 involutum
386 859 633 915 inveneris,
664 860 715 902 in
745 874 960 905 verrucas
994 863 1242 906 admoveto
1282 865 1423 917 atque
1463 862 1636 906 celebri
1666 863 1769 907 loco
1794 876 1836 908 10

5 982 7 984 Ι
89 925 302 982 proicito‚
335 927 389 968 ut
413 938 518 969 eum
542 925 821 981 quicumque
857 926 1101 983 invenerit,
1132 927 1294 971 statim
1323 927 1374 971 in
1397 942 1504 972 eum
1526 931 1770 974 transeant

91 990 172 1047 qui
210 1004 316 1034 eum
353 989 603 1047 levaverit,
650 990 720 1035 ita
759 994 918 1035 tamen
956 994 1009 1036 ut
1047 995 1251 1048 quantae
1290 1007 1510 1037 verrucae
1551 988 1659 1038 sunt
1697 997 1770 1039 tot

89 1056 277 1114 lapillos
324 1055 374 1099 in
420 1057 584 1100 eodem
625 1057 738 1101 folio
786 1057 1021 1112 involvas,
1070 1059 1126 1102 de
1169 1058 1338 1114 quibus
1384 1058 1513 1115 prius
1552 1073 1768 1104 verrucas

0 1163 2 1166 .
87 1125 266 1180 tanges.
315 1122 379 1166 fel
411 1122 665 1179 scorpionis
697 1123 866 1167 marini
897 1123 1122 1167 illinitum
1166 1139 1382 1169 verrucas
1422 1124 1563 1169 tollit.
1611 1125 1770 1170 fimum

0 1192 3 1196 ’
89 1187 405 1232 columbinum
458 1203 564 1232 cum
602 1191 735 1233 aceto
791 1189 886 1233 acri
944 1190 1186 1235 decoctum
1233 1192 1295 1235 ad
1349 1191 1502 1235 mellis
1551 1192 1769 1237 crassitu-
1794 1204 1835 1237 15

89 1254 245 1299 dinem
287 1254 383 1298 leni
428 1253 558 1311 igne,
610 1256 887 1311 perductum
932 1270 1147 1300 verrucas
1192 1257 1289 1301 sive
1343 1257 1500 1300 clavos
1549 1257 1765 1314 extirpat.

3 1311 13 1361 ⁴.
90 1320 166 1364 fici
196 1320 457 1365 inmaturae
489 1320 563 1364 lac
596 1335 700 1364 cum
739 1322 943 1379 axungia
975 1322 1173 1366 mixtum
1204 1323 1403 1379 impone.
1451 1322 1640 1366 vitulini
1671 1324 1768 1367 fimi

0 1392 3 1406 ³
88 1385 289 1431 cinerem
335 1401 391 1431 ex
438 1389 571 1431 aceto
619 1387 823 1432 verrucis
870 1389 1069 1445 impone.
1125 1390 1394 1446 heliotropii
1437 1390 1610 1433 herbae
1658 1404 1766 1434 suco

89 1452 371 1498 confricatae
403 1467 623 1497 verrucae
664 1455 851 1498 cadunt.
903 1454 1037 1498 fabas
1075 1455 1234 1511 nigras
1274 1455 1323 1499 in
1360 1469 1515 1511 panno
1555 1455 1767 1511 quolibet

5 1567 8 1568 ⁷
88 1518 298 1576 involve,
347 1522 513 1576 tanges
555 1520 611 1563 de
652 1519 847 1576 singulis
887 1519 1009 1564 fabis
1049 1521 1256 1578 singulas
1295 1535 1510 1565 verrucas
1551 1524 1598 1566 et
1639 1521 1764 1566 dices
1791 1535 1832 1565 20

91 1584 187 1629 Titi
217 1586 448 1641 quomodo
473 1586 564 1630 hae
589 1585 638 1628 in
661 1585 788 1629 fumo
822 1585 1068 1642 siccantur,
1102 1587 1168 1630 310
1201 1590 1248 1631 et
1285 1587 1397 1631 illae
1428 1601 1647 1632 verrucae
1680 1588 1766 1632 sic-

91 1653 253 1695 centur
283 1653 331 1695 et
363 1652 537 1695 ducant
562 1665 622 1696 se.
673 1653 720 1695 et
744 1651 884 1695 tollas
909 1651 1036 1707 ipsas
1068 1651 1203 1696 fabes
1229 1655 1276 1697 et
1299 1653 1350 1696 in
1380 1653 1566 1697 furnum
1589 1654 1763 1699 mittas.

88 1716 249 1761 statim
278 1718 469 1761 recedas
501 1731 559 1761 ne
591 1731 756 1761 sonum
786 1717 861 1761 vel
895 1718 1084 1762 odorem
1115 1733 1275 1762 earum
1299 1719 1487 1763 sentias.

172 1820 250 1865 Ad
272 1821 313 1874 I,
338 1825 399 1865 36
420 1823 524 1876 (94)
547 1820 623 1863 De
655 1819 893 1863 maculis
926 1819 983 1863 in
1014 1835 1246 1877 corpore
1278 1822 1651 1866 nascentibus

792 1885 1048 1944 (XLVIIII).
1790 1900 1831 1932 25

204 1953 295 1996 Sed
334 1955 382 1996 et
421 1952 537 1996 haec
580 1950 815 1995 adiutoria
853 1952 1048 1995 maculis
1089 1968 1227 2009 supra
1267 1952 1451 2010 scriptis
1489 1953 1763 2010 propensius

86 2020 194 2062 sunt
225 2018 508 2062 adhibenda.
555 2017 682 2074 porri
713 2017 828 2061 folia
859 2017 973 2061 trita
1005 2021 1052 2062 013
1079 2019 1300 2075 imposita
1331 2033 1467 2063 varos
1500 2020 1762 2063 emendant.

85 2084 326 2140 tithymali
357 2084 500 2140 (lac)
532 2098 637 2127 cum
668 2083 822 2126 farina
860 2083 1131 2140 impositum
1168 2085 1376 2129 maculas
1408 2085 1549 2129 tollit.
1588 2098 1763 2129 avenae

85 2149 238 2194 farina
270 2164 375 2194 cum
407 2153 539 2194 aceto
571 2148 781 2193 maculas
812 2149 955 2194 tollit.
989 2149 1305 2194 columbinum
1327 2150 1486 2194 fimum
1517 2153 1649 2194 aceto
1682 2150 1764 2193 tri-

0 2191 4 2221 {
84 2218 185 2259 tum
216 2218 264 2260 et
294 2215 520 2259 illinitum
560 2215 768 2258 maculas
801 2217 848 2259 et
886 2215 1136 2272 lentigines
1177 2217 1234 2260 de
1269 2215 1389 2260 facie
1428 2215 1569 2260 tollit.
1613 2230 1762 2271 napus
1788 2230 1829 2260 30

204 2338 227 2375 1
261 2331 768 2376 Verrucarum—clavfi
803 2333 886 2388 (sic
917 2334 956 2387 b,
989 2332 1146 2376 clavos
1179 2337 1220 2388 c)
1253 2335 1377 2378 rubr.
1410 2347 1492 2377 scr.
1527 2334 1595 2377 bc.
1622 2359 1680 2364 -—
1703 2333 1765 2376 ad

83 2406 176 2435 ‘rem
205 2393 263 2446 cf.
297 2392 373 2436 Ps.
406 2391 532 2434 Plin.
566 2395 616 2445 3,
647 2393 709 2434 29
743 2392 882 2445 (unde
912 2397 954 2435 et
985 2391 1135 2435 Marc.
1169 2405 1204 2435 0.
1238 2395 1298 2435 19
1322 2395 1503 2447 11186,
1544 2393 1602 2434 21
1635 2394 1760 2447 sqq).

88 2454 114 2493 6
147 2450 317 2493 cunula
349 2452 388 2494 b.
511 2454 536 2491 9
568 2463 709 2492 11101111
742 2451 766 2494 b
877 2448 977 2493 ed'e
1008 2449 1173 2492 uolutfi
1206 2451 1244 2493 b.
1368 2454 1419 2492 11
1453 2450 1698 2492 transeunt
1722 2451 1760 2493 b.

90 2512 145 2551 14
175 2508 333 2565 tangis
367 2510 406 2552 b.
530 2511 583 2550 15
617 2521 724 2550 acro
758 2509 797 2551 b.
919 2507 1282 2563 grassitudinem
1313 2508 1351 2552 b.
1486 2512 1538 2551 17
1570 2507 1763 2551 imaturi

87 2568 190 2623 (sic)
224 2569 261 2611 b.
358 2565 498 2610 vituli
530 2567 568 2609 b.
686 2570 739 2609 18
772 2565 888 2609 011113
922 2568 959 2610 b.
1050 2565 1341 2624 helyotropig·
1376 2567 1414 2610 b.
1510 2570 1563 2609 19
1596 2565 1760 2609 confri-

86 2626 208 2668 catoe
229 2627 279 2679 (i.
296 2640 330 2670 0.
350 2638 376 2667 0
394 2626 445 2668 in
461 2636 486 2667 e
502 2625 607 2668 add.
625 2627 774 2679 corr).
867 2628 922 2667 20
940 2624 1069 2668 dicis,
1088 2624 1168 2668 titi
1185 2626 1224 2669 b.
1327 2628 1382 2668 21
1406 2622 1435 2669 fi
1459 2626 1497 2669 b.
1605 2629 1659 2667 22
1680 2625 1762 2668 du-

0 2703 2 2705 >
86 2685 164 2727 0013
181 2696 229 2726 30
248 2685 350 2738 (sic)
370 2685 409 2727 b.
482 2682 886 2727 tollas...mittat.
909 2718 917 2727 .
942 2724 944 2727 .
965 2684 1154 2727 recedat
1174 2719 1181 2727 .
1203 2719 1211 2728 .
1231 2718 1238 2727 .
1260 2682 1433 2727 sentiat
1457 2685 1495 2728 b.
1589 2687 1646 2726 23
1677 2697 1760 2740 seq.

93 2741 321 2786 Theodori
342 2755 440 2797 cap.
467 2744 526 2785 36
551 2742 604 2785 de
627 2743 819 2786 maculis
841 2747 919 2786 etc.
1012 2746 1067 2785 27
1099 2741 1254 2786 varios
1287 2741 1505 2786 emendat
1537 2743 1575 2786 b.
1602 2742 1657 2796 cf.
1684 2742 1762 2786 Ps.

87 2799 211 2844 Ptin.
230 2814 279 2856 p.
305 2804 412 2854 100,
434 2802 523 2849 21..
600 2804 655 2843 28
681 2799 892 2844 Titimali
924 2804 981 2843 01“1
1011 2800 1164 2844 farina
1194 2800 1369 2856 iposita
1396 2801 1498 2857 (sic)
1527 2801 1565 2845 b.
1595 2801 1629 2855 f.
1656 2802 1760 2845 add.

87 2857 162 2901 lac
193 2859 250 2912 cf.
283 2857 422 2914 Apul.
455 2872 490 2902 0.
516 2861 617 2902 108.
644 2857 872 2915 (100111110)
892 2858 1012 2904 Cass.
1039 2873 1087 2916 p.
1112 2862 1198 2914 20,
1222 2864 1292 2904 10.
1475 2872 1651 2903 avenae
1678 2895 1686 2903 .
1715 2895 1723 2903 .
1752 2893 1760 2903 .

0 2917 3 2932 ³
79 2917 143 2971 cf.
169 2916 243 2960 Ps.
270 2917 395 2961 le.
421 2931 469 2973 p.
498 2921 599 2971 101,
624 2921 663 2961 4.
