1950 3172
737 75 1227 137 ADDITAMENTA.‘
1695 88 1804 141 273

27 229 38 262 f
119 235 178 270 ea
222 224 359 280 parte
404 222 488 270 ubi
532 221 770 269 introierit
815 235 954 279 super
1004 235 1216 269 umerum
1255 234 1414 278 pones.
1474 207 1643 269 eadem
1686 221 1804 266 hora

6 298 25 355 s
117 289 257 336 exiet.
294 289 334 333 si
358 288 506 335 arista
535 288 785 345 introierit,
805 302 992 354 pyrene,
1014 287 1159 333 meles
1185 289 1243 333 de
1271 288 1399 334 visco
1422 302 1602 346 ungues
1626 289 1675 333 et
1698 302 1804 332 cum

121 370 179 402 ea
218 356 416 402 aristam
454 357 511 403 de
550 356 743 401 auribus
784 355 862 400 vel
901 354 1048 406 oculis
1090 354 1243 400 tolles.
1306 355 1522 400 omnibus
1563 353 1802 399 doloribus

121 421 306 467 aurium
337 422 453 467 mire
485 435 742 478 succurras,
784 421 824 465 si
855 434 964 465 mox
1003 420 1239 465 dolentem
1270 435 1430 465 aurem
1461 421 1518 465 de
1549 421 1660 465 lana
1692 420 1804 465 alba

121 488 287 533 sucida
319 488 526 545 claudas,
558 490 613 533 ut
643 501 790 544 usque
822 487 884 532 ad
915 486 1169 531 sanitatem
1200 486 1361 532 clausa
1391 489 1677 544 permaneat.
1828 498 1849 531 5

119 556 215 600 iam
252 556 456 613 sequitur
491 556 544 600 in
582 556 642 600 br
677 555 809 610 (item
839 555 891 598 ’ἐπ
921 557 963 610 0)
996 568 1093 610 cap.
1119 554 1168 609 I,
1192 557 1221 598 9
1261 553 1337 598 De
1366 553 1656 611 parotidis
1690 553 1804 611 (Tu-

666 620 817 664 mores
847 619 1152 677 repentinos,
1179 622 1257 677 ..).

179 717 258 761 Ad
278 716 321 771 I,
346 719 376 761 9
401 718 499 772 (24)
531 715 608 759 De
638 715 926 772 parotidis
952 717 1074 772 (post
1098 718 1206 759 sunt
1230 715 1466 760 adiutoria
1496 716 1613 760 haec
1638 729 1743 760 evo·

634 781 814 825 catoria
839 817 847 825 .
877 818 885 826 .
912 818 920 826 .
955 785 1296 840 evocaverunt).

72 893 84 903 ,
227 847 397 892 Sevum
413 847 654 905 caprinum
669 847 745 892 vel
763 846 958 891 ovillum
975 861 1080 891 cum
1098 847 1195 892 sale
1212 848 1485 905 impositum
1499 864 1530 905 p
1541 848 1692 892 arcti
1703 848 1766 893 de
1778 863 1798 892 s
1816 844 1891 902 (X)

119 913 310 971 aperit
342 915 398 958 et
429 915 608 958 sanat.
655 913 743 957 hoc
776 913 1029 958 cuiuslibet
1050 914 1245 970 pecudis
1269 914 1398 958 facit.
1445 915 1606 958 fimum
1630 914 1802 958 colum·
1829 925 1867 955 11

117 980 282 1024 binum
322 993 406 1037 per
445 993 492 1024 se
531 979 604 1024 vel
646 994 751 1023 cum
796 979 950 1024 farina
987 980 1154 1024 hordei
1191 980 1476 1037 impositum.
1538 980 1803 1024 hirundinis

118 1048 331 1091 ventrem
370 1060 474 1090 cum
514 1046 695 1090 calamo
734 1046 880 1091 findes
914 1048 961 1090 et
999 1046 1068 1090 ibi
1107 1046 1296 1103 lapillos
1335 1045 1566 1103 invenies,
1607 1060 1722 1102 quos
1754 1046 1804 1090 in

119 1112 282 1169 lupino
316 1125 456 1156 aureo
489 1111 592 1168 quis
616 1114 785 1169 portet.
841 1112 954 1156 ficus
987 1112 1134 1157 siccas
1166 1113 1217 1156 in
1248 1127 1371 1169 aqua
1404 1114 1648 1169 decoqueS‚
1680 1115 1802 1157 teres

119 1181 169 1222 et
214 1178 446 1235 impones,
494 1177 732 1235 parotides
781 1178 987 1223 discutit.
1066 1182 1194 1224 creta
1241 1194 1346 1223 cum
1386 1181 1518 1224 aceto
1566 1179 1801 1236 imposita.
1829 1188 1870 1220 15

118 1245 347 1301 plantago
387 1259 492 1288 cum
530 1244 735 1301 axungia
775 1244 901 1289 trita.
975 1246 1135 1290 fimum
1174 1246 1415 1302 caprinum
1453 1260 1558 1289 cum
1598 1246 1803 1303 axungia

119 1309 309 1354 illinito.
372 1309 487 1353 item
519 1310 668 1354 scribe
700 1310 750 1353 in
781 1311 936 1355 locum
965 1311 1119 1368 ipsum
1149 1326 1330 1368 xu.oyx.

165 1398 243 1443 Ad
273 1399 390 1442 idem
420 1413 518 1454 cap.
542 1399 591 1452 I,
616 1404 644 1442 9
673 1401 751 1454 (25
777 1405 880 1455 post
912 1399 1127 1444 similiter
1157 1400 1301 1444 faciet
1333 1402 1371 1456 b,
1406 1406 1510 1457 post
1540 1399 1684 1444 uteris
1717 1404 1771 1457 r).

239 1464 383 1507 Aliud
415 1464 478 1508 de
512 1464 779 1520 expertis.

240 1530 315 1574 die
347 1530 467 1574 iovis
498 1531 696 1587 prendes
728 1531 910 1587 talpam
940 1531 1098 1575 vivam
1130 1534 1177 1576 et
1207 1532 1366 1576 mittes
1391 1531 1441 1574 in
1465 1533 1639 1576 cacabo
1664 1545 1798 1576 novo.
1826 1540 1868 1571 20

122 1596 297 1640 adicies
331 1599 378 1640 et
410 1596 502 1640 olei
534 1596 693 1640 calicis
725 1597 964 1653 potionem
996 1599 1043 1641 et
1073 1611 1217 1654 pones
1250 1611 1387 1654 super
1414 1597 1593 1654 focum,
1634 1612 1801 1653 quous-

51 1657 57 1664 '
120 1676 209 1718 que
242 1662 375 1718 talpa
407 1664 455 1706 et
495 1663 648 1706 oleum
687 1662 737 1705 in
774 1658 1065 1707 medicamen
1096 1665 1407 1708 convertatur.
1472 1666 1520 1708 et
1550 1665 1801 1721 unguendo

118 1728 360 1786 parotides
392 1728 585 1773 mirifice
617 1743 765 1773 curas.

179 1818 257 1862 Ad
279 1817 321 1872 I,
346 1821 404 1862 10
432 1820 530 1873 (26)
564 1818 639 1862 De
671 1817 1030 1861 ferbunculis
1056 1821 1178 1874 <post
1209 1819 1495 1863 consuetudo
1522 1819 1739 1876 edocuit).

239 1883 512 1928 Medicinali
546 1883 696 1940 digito
727 1884 922 1927 herbam
951 1883 1275 1940 plantaginem
1315 1884 1463 1928 exime
1496 1886 1544 1928 et
1573 1884 1624 1927 in
1654 1884 1801 1928 linteo
1821 1879 1917 1937 (XI)

120 1949 222 1993 1000
258 1949 501 2005 suspende.
564 1949 748 1993 cocleae
779 1949 988 1993 minutae
1020 1963 1139 2005 quae
1171 1950 1221 1993 in
1252 1950 1474 1994 salicibus
1499 1950 1802 1994 inveniuntur
1826 1960 1867 1991 26

120 2030 227 2059 cum
257 2015 392 2059 testis
426 2015 520 2059 suis
553 2015 694 2060 tritae
727 2018 775 2059 et
805 2015 1051 2072 impositae
1081 2015 1378 2060 ferbunculos
1411 2018 1459 2060 et
1490 2018 1690 2060 strumas
1724 2031 1800 2060 cu-

120 2083 239 2124 rant.
303 2081 460 2124 fimum
492 2081 809 2125 columbinum
840 2096 944 2125 cum
975 2084 1107 2126 aceto
1139 2082 1304 2126 tritum
1335 2085 1382 2127 et
1406 2082 1608 2126 farinam
1635 2083 1801 2127 hordei

240 2254 265 2292 2
297 2263 474 2306 pyrena
504 2249 657 2293 mellis
691 2252 730 2306 b,
762 2251 930 2306 pyrina
961 2222 1094 2295 melis
1126 2267 1162 2296 r.
1295 2256 1320 2293 3
1354 2265 1429 2296 ea:
1462 2253 1526 2296 sic
1559 2253 1629 2296 br.
1723 2251 1800 2295 vel

121 2309 179 2352 de
213 2322 279 2352 oc.
312 2324 348 2353 r.
470 2313 498 2351 4
531 2322 690 2353 aurem
723 2309 959 2354 dolentem
988 2326 1023 2355 r.
1163 2315 1188 2353 5
1221 2309 1410 2353 succida
1443 2312 1481 2355 b.
1604 2310 1821 2353 claudas·

121 2369 169 2411 et
199 2369 303 2422 (sic)
334 2369 382 2412 b:
415 2381 498 2413 om.
523 2383 559 2412 r.
759 2373 814 2411 10
846 2370 939 2413 cod.
972 2384 997 2414 r
1019 2374 1214 2425 (praeter
1244 2370 1308 2412 in.
1341 2374 1383 2413 et
1412 2370 1513 2423 fin.)
1542 2370 1677 2414 verba
1707 2383 1801 2413 'nort

118 2441 403 2497 transcripsi.
535 2438 774 2497 parotida³
807 2444 847 2486 b.
993 2445 1046 2484 15
1078 2440 1317 2498 parotides
1353 2442 1469 2496 (hic)
1504 2442 1541 2486 b.
1667 2446 1720 2486 17
1752 2442 1803 2485 111

119 2498 223 2542 1000
256 2498 358 2555 ipso
391 2501 555 2542 xoeva
585 2515 621 2544 r.
776 2504 828 2543 19
863 2499 994 2543 aliud
1027 2500 1082 2544 de
1115 2499 1316 2556 expertis
1349 2514 1428 2554 cr,
1461 2499 1592 2543 aliud
1625 2501 1801 2557 experi-

120 2559 330 2601 mentum
362 2559 400 2602 b.
521 2561 578 2601 20
607 2559 805 2615 prendes
838 2561 876 2615 b,
910 2558 1041 2602 —dis
1073 2574 1108 2613 r.
1245 2557 1427 2615 talpam
1458 2560 1504 2604 b:
1538 2560 1732 2616 taupam
1762 2576 1800 2615 r,

119 2618 267 2701 tadpa
298 2660 334 2690 0.
456 2659 629 2690 cacauo
662 2648 700 2703 b,
726 2647 934 2690 caccabo
965 2662 1002 2692 r.
1100 2651 1154 2690 22
1179 2648 1326 2703 taupa
1356 2661 1394 2692 r.
1515 2648 1732 2704 ungendo
1759 2650 1798 2693 b.

122 2707 178 2746 25
210 2703 261 2746 111
291 2703 485 2748 linteolo
518 2705 746 2761 suspende
778 2721 814 2751 r.
995 2710 1051 2749 26
1085 2705 1307 2749 salicibus
1341 2707 1418 2750 br.
1453 2705 1615 2750 salinis
1648 2707 1799 2753 Marc

116 2765 281 2820 p.148,
299 2765 339 2806 5.
433 2767 487 2806 27
519 2763 658 2808 tectis
690 2766 727 2809 b.
849 2763 1143 2808 fervunculos
1167 2765 1248 2822 (sie
1270 2778 1439 2820 semper
1468 2770 1510 2809 et
1533 2766 1585 2809 in
1608 2768 1739 2823 seqq.)
1762 2782 1798 2812 r.

118 2823 287 2864 curant
320 2823 366 2866 b:
400 2824 536 2866 sanat
566 2837 602 2867 r.
710 2827 767 2867 28
800 2836 856 2867 ex
887 2826 1020 2884 aceto
1051 2822 1164 2868 trito
1196 2838 1231 2868 r.
1323 2823 1488 2867 hordei
1511 2823 1728 2874 imixtam
1752 2840 1797 2870 r:

123 2878 254 2923 ordei
285 2879 481 2924 mixtam
512 2882 550 2926 b.

215 2962 433 2995 Theodorus
457 2963 686 3006 Priscianus,
712 2964 771 2997 ed.
796 2964 916 2997 Rose
898 2974 929 2997 0.
1478 2960 1531 2999 18
