1950 3172
201 110 276 166 46
718 99 1369 158 mnenom'rms'cum

195 250 301 300 fimi
345 251 528 299 asinini
575 249 821 299 combusti
865 247 1068 314 pulvere
1113 262 1227 297 cum
1265 246 1373 297 oleo
1412 262 1557 298 roseo
1595 249 1751 298 mixto
1787 255 1818 306 j

195 323 319 390 lyria
357 324 483 374 facta
523 325 862 389 supponimus,
925 327 976 371 et
1006 320 1067 371 de
1101 307 1308 386 siliquae
1340 320 1574 372 mollibus
1610 321 1743 372 foliis
1784 344 1820 367 ι

196 399 324 448 tusis
377 398 504 447 facta
559 396 791 446 similiter
837 394 1038 460 collyria
1082 394 1392 460 profuerunt.
1471 397 1545 445 sic
1590 394 1806 461 portula*
1827 398 1859 455 s

198 473 271 523 sic
303 471 541 537 strychni,
573 472 644 519 sic
675 475 839 519 terrae
872 468 1220 518 alexandrinae
1253 484 1367 519 cum
1399 471 1534 519 sucis
1566 485 1716 536 supra
1740 470 1792 520 di
1806 474 1841 515 s

151 558 172 590 5
196 545 358 611 pulvis
398 560 543 609 saepe
583 543 783 609 profuit.
862 549 1009 608 caput
1046 557 1163 592 vero
1204 558 1376 592 eorum
1409 558 1528 593 suco
1560 543 1651 593 lini
1683 545 1804 594 sen·
1822 566 1846 589 ιε

195 619 373 683 frigido
411 617 764 667 umectandum
803 623 892 666 est.
971 619 1102 666 circa
1139 617 1353 666 frontem
1384 632 1501 667 vero
1534 632 1744 683 gypsum
1762 634 1804 675 ,c
1836 627 1864 671 1·ss

196 707 285 741 ovo
324 691 403 741 vel
447 691 605 740 lutum
652 691 918 756 figulorum
965 690 1196 740 similiter
1241 692 1451 741 mixtum
1499 691 1702 742 inlinire
1742 692 1803 742 de
1819 695 1872 737 ω’·

194 781 318 815 mus,
398 767 469 815 sic
510 767 639 814 acris
679 765 785 832 flos,
827 767 899 814 sic
933 766 1062 830 misy
1092 764 1170 814 vel
1201 764 1441 832 chalcitis,
1481 767 1552 815 sic
1582 768 1690 831 pini
1722 764 1878 818 corte?

195 839 465 906 combusta,
509 841 580 888 sic
619 840 766 889 fimus
806 841 948 906 asini,
986 845 1042 888 ut
1082 854 1231 904 supra
1273 840 1604 904 significatum
1643 846 1735 907 est,
1774 855 1837 906 op
1850 860 1869 885 μ,

129 927 170 958 10
195 913 399 963 rabitur.
1876 970 1883 976 ,

343 990 386 1036 51
427 989 575 1036 etiam
608 989 719 1036 istis
751 987 987 1037 adhibitis
1020 987 1179 1037 adhuc
1210 989 1603 1052 perseveraverit
1635 989 1894 1052 sanguini

194 1061 356 1111 fluxus
395 1063 658 1128 inpatienS,
697 1064 852 1126 ignita
892 1061 1149 1111 cucurbita
1190 1063 1232 1110 si
1272 1061 1332 1111 de
1366 1061 1539 1111 dextra
1570 1077 1689 1112 nare
1722 1076 1889 1112 mana-

193 1137 320 1185 verit
365 1135 566 1184 dextrae
613 1138 744 1200 parti
789 1135 1196 1202 praecordiorum
1243 1141 1320 1184 est
1366 1135 1692 1203 admovenda,
1739 1138 1782 1185 si
1827 1135 1881 1185 d

196 1211 396 1258 sinistra
444 1211 687 1259 sinistrae.
767 1212 810 1259 si
856 1225 972 1259 vero
1022 1210 1082 1259 de
1121 1211 1348 1275 utrisque
1388 1209 1616 1277 naribuS,
1662 1212 1907 1275 utrisque

127 1294 170 1327 15
194 1283 467 1333 visceribus
505 1283 788 1334 cucurbitas
821 1283 1090 1349 applicabo,
1162 1283 1315 1349 aliqui
1345 1300 1463 1333 vero
1495 1283 1714 1333 fasciolis
1745 1283 1906 1334 1111615

193 1364 419 1407 naturam
459 1363 508 1406 et
546 1363 700 1407 testes
742 1374 915 1409 eorum
955 1358 1199 1423 alligando
1239 1357 1439 1408 mollius
1471 1360 1901 1412 constrinxerunt·

194 1433 236 1480 si
275 1433 327 1480 in
366 1432 582 1498 feminiS,
621 1433 809 1482 femora
848 1432 1138 1497 ligaverunt.
1219 1448 1279 1481 ex
1319 1432 1500 1497 quibus
1539 1432 1709 1498 fysicis
1748 1430 1900 1496 prae-⁴

194 1520 307 1554 sens
346 1504 644 1555 beneficium
683 1513 987 1557 meruerunt.

312 1684 334 1722 1
369 1677 542 1722 asinini
565 1680 645 1724 rb:
681 1677 804 1723 asini
828 1679 874 1723 B
893 1679 990 1724 Gel.
1186 1678 1427 1736 pulverem
1453 1716 1460 1724 .
1483 1715 1491 1724 .
1512 1715 1520 1724 .
1547 1677 1729 1722 collirio
1761 1676 1906 1722 facto·

193 1737 288 1781 Gel.
434 1743 459 1782 2
484 1738 546 1782 Et
570 1738 628 1782 de
654 1739 732 1782 rB
750 1739 829 1796 (Et
847 1740 910 1796 b):
935 1737 1276 1797 Eodemgmodo
1302 1737 1448 1782 etiam
1474 1737 1571 1782 Gel.
1692 1742 1720 1780 4
1746 1748 1888 1794 supra
1915 1770 1920 1778 .

191 1795 329 1839 dictis
362 1797 440 1840 rB
465 1798 584 1842 Gela
619 1802 665 1840 5-5
694 1797 947 1842 herbarum
985 1796 1193 1842 amixtus
1227 1799 1264 1842 b.
1479 1801 1504 1840 5
1536 1810 1645 1841 vero
1677 1798 1738 1840 rb
1766 1796 1885 1842 Gela
1910 1819 1911 1822 ¹

191 1869 272 1900 om.
306 1856 364 1899 B.
540 1870 650 1900 suco
682 1856 770 1900 lini
803 1855 993 1901 seminis
1025 1857 1162 1902 rbB:
1196 1856 1450 1900 seminibus
1483 1855 1693 1914 (frigida)
1728 1855 1825 1901 Get.

100 1947 105 1951 .
191 1918 216 1956 6
240 1914 607 1959 humectandum
633 1916 753 1962 Geel:
784 1916 1142 1960 fomentandum
1167 1918 1206 1972 b,
1240 1916 1493 1960 fovendum
1516 1915 1608 1959 rB.
1697 1935 1705 1942 ·
1756 1918 1781 1957 7
1808 1911 1886 1957 vel

189 1972 341 2016 lutum
373 1990 397 2018 r
418 1976 512 2031 Gel,
544 1975 706 2020 velatu
738 1976 803 2020 B:
837 1974 914 2020 vel
944 1975 1046 2019 luto
1079 1976 1118 2019 b.
1283 1979 1310 2019 8
1344 1974 1410 2018 sic
1441 1972 1616 2030 mysios
1648 1972 1727 2016 vel
1758 1971 1885 2016 chal·
1921 2027 1923 2029 ι

190 2032 296 2076 citis
330 2033 442 2090 Gal„
476 2034 542 2078 sic
573 2034 744 2079 miseos
776 2034 853 2079 vel
885 2034 1052 2079 calcite
1084 2049 1123 2091 r,
1157 2033 1223 2078 sic
1254 2033 1410 2077 musin
1438 2033 1515 2077 vel
1548 2034 1686 2088 cyten
1716 2032 1784 2076 B:
1816 2030 1885 2074 sic

190 2090 391 2136 calciten
422 2094 521 2150 (om.
554 2094 694 2151 misy)
728 2096 765 2139 b.
943 2099 968 2137 9
1002 2098 1031 2137 1'1
1064 2098 1110 2138 §s
1144 2099 1168 2137 e
1202 2095 1241 2150 b,
1274 2094 1328 2136 ut
1359 2105 1500 2150 supra
1532 2091 1713 2135 dictum
1744 2091 1816 2134 est
1845 2105 1883 2136 r.

190 2151 461 2208 operabitur
492 2155 516 2198 b
538 2154 658 2198 Gel.:
691 2167 775 2198 om.
799 2153 890 2198 rB.
1015 2158 1070 2198 12
1094 2168 1138 2211 p.
1164 2152 1315 2196 fluxus
1347 2151 1583 2210 inpatiens
1608 2151 1675 2196 B:
1707 2165 1751 2207 p.
1779 2163 1884 2193 san-

189 2209 293 2266 guis
327 2211 558 2268 <—guinis
590 2215 631 2270 r)
662 2211 791 2256 illius
829 2214 984 2257 terrae
1016 2214 1190 2270 (terror
1218 2214 1260 2269 r)
1299 2210 1551 2270 impatiens
1584 2225 1610 2254 r
1628 2210 1725 2255 Gal.
1760 2211 1882 2266 (san-
1916 2218 1917 2222 ’

189 2269 344 2325 guinis
376 2270 596 2315 molestia
626 2273 939 2329 perseverarit
969 2274 1134 2317 iterwm
1166 2272 1224 2329 b).
1428 2271 1487 2314 de
1519 2271 1544 2314 b
1565 2270 1683 2314 Gel.:
1716 2282 1774 2312 ex
1804 2268 1884 2313 rB
1903 2281 1919 2314 ¹.

188 2330 284 2384 (cet.
316 2331 373 2384 cf.
407 2344 474 2387 yr.
501 2346 551 2387 p.
579 2334 698 2389 339).
911 2330 1176 2375 manaverit
1205 2331 1286 2376 rB
1305 2331 1426 2376 Θαὶς
1460 2327 1751 2373 emanaverit
1782 2329 1822 2372 b.

190 2391 244 2430 13
279 2388 469 2433 dextrae
500 2405 543 2447 p.
577 2405 621 2448 p.
657 2392 682 2435 b
702 2390 819 2436 Gel.:
855 2391 1018 2435 dextro
1049 2389 1192 2434 lateri
1214 2390 1305 2435 rB.
1432 2394 1485 2433 13
1518 2402 1543 2432 e
1568 2388 1724 2444 rGel„
1757 2400 1814 2430 ex
1836 2385 1883 2430 B

189 2448 287 2502 (om.
322 2449 377 2504 b).
591 2454 648 2493 14
680 2449 898 2494 sinistrae
932 2451 1052 2495 Gal:
1086 2449 1273 2508 sinistre
1305 2449 1433 2507 parti
1462 2446 1811 2505 precordiorum
1841 2446 1881 2501 b,

189 2504 377 2550 sinistro
408 2506 548 2551 lateri
579 2511 673 2554 rB.
797 2509 854 2553 de
885 2523 929 2555 u.
961 2511 1058 2567 (sic)
1083 2510 1200 2554 rbB
1219 2509 1315 2554 θεῖ.
1440 2512 1495 2551 15
1526 2506 1691 2564 igneas
1723 2518 1883 2549 cucur·
1918 2526 1920 2532 ·

187 2563 312 2608 bitas
343 2567 416 2610 rb.
600 2567 856 2625 aliquando
889 2570 927 2614 b.
1111 2573 1165 2611 17
1198 2567 1376 2612 femora
1406 2566 1677 2625 ligaverunt
1706 2566 1811 2621 (ver
1841 2565 1881 2621 b,
1914 2584 1923 2626 3

191 2636 356 2667 ——vere
389 2623 504 2681 Gel.)
537 2627 562 2669 b
582 2627 700 2672 Gel.:
732 2626 967 2685 moraliga
998 2629 1080 2684 (sic
1110 2630 1238 2685 mut.)
1269 2628 1328 2672 B.
1521 2638 1578 2669 ex
1610 2623 1677 2681 (in
1708 2624 1880 2680 Gel.)——

189 2683 456 2725 meruerunt
485 2685 545 2726 rb
566 2685 682 2731 Gel.:
716 2701 798 2731 om.
832 2688 890 2731 B.
937 2701 1051 2744 quae
1082 2701 1243 2732 ansam
1273 2688 1495 2731 dederunt
1524 2684 1755 2729 codicibus
1785 2687 1826 2727 et
1855 2682 1882 2726 b
1903 2724 1911 2736 „

190 2744 232 2783 et
261 2753 301 2794 r,
331 2745 384 2784 ut
414 2742 537 2785 alius
568 2745 666 2788 alia
695 2746 842 2790 multa
873 2747 932 2802 (et
962 2747 1294 2804 superstitiosa)
1333 2759 1391 2790 sc.
1426 2745 1620 2804 physica
1651 2743 1880 2788 adderent.
