1950 3172
1804 23 1805 28 t
1834 18 1847 29 Ἰ

1752 145 1763 158 0

187 117 299 172 240
713 116 1033 161 THEoDom
1058 115 1363 159 muscum

186 256 546 306 adiutoriorum
585 256 778 320 species
827 253 1123 319 proderunt,
1171 251 1345 302 eadem
1390 257 1607 302 attamen
1644 251 1882 303 medendi

188 329 418 380 omnibus
457 330 630 378 virtus,
948 344 950 347 ·

789 445 863 494 VI.
918 444 993 495 De
1035 444 1264 495 aborsu.

93 550 168 602 23
335 550 642 599 Abortivum
689 549 806 598 dare
860 548 986 599 nulli
1038 564 1274 614 umquam
1335 549 1408 598 fas
1463 555 1553 598 est.
1636 554 1715 598 ut·
1746 549 1882 598 enim

143 637 163 670 5
187 625 500 690 Hippocratis
541 629 802 673 attestatur
841 625 1022 690 oratio,
1067 629 1168 673 tam
1218 623 1331 672 duri
1369 629 1536 672 reatus
1577 623 1881 672 conscientia

187 694 494 748 medicorum
539 699 779 747 innocens
834 698 1054 747 officium
1107 712 1208 746 non
1261 697 1405 747 decet
1457 696 1706 746 maculari.
1793 696 1881 745 sed

188 774 422 838 quoniam
461 778 546 822 aut
583 773 804 821 matricis
844 773 964 823 vitio
1004 778 1088 821 aut
1126 773 1300 821 aetatis
1331 770 1749 836 impossibilitate,
1788 769 1880 819 sub

189 863 286 912 qua
325 861 472 896 causa
517 861 849 911 praepropere
896 846 1185 911 frequenter
1222 851 1394 911 partus
1443 847 1622 911 evenit,
1668 845 1880 894 feminae

188 919 555 987 periclitantur,
612 919 812 984 expedit
862 918 1250 985 praegnantibus
1304 921 1357 969 in
1410 921 1538 968 vitae
1592 918 1881 968 discrimine

122 1009 166 1040 10
191 996 474 1044 constitutis
515 994 606 1043 sub
653 996 803 1043 unius
849 1000 1021 1058 partus
1069 1009 1215 1059 saepe
1261 995 1451 1042 iactura
1497 992 1707 1042 salutem
1751 1007 1882 1040 mer-

191 1071 295 1118 cari
348 1070 699 1134 certissimam,
751 1070 881 1117 sicut
933 1067 1194 1117 arboribus
1248 1068 1581 1116 arescentium
1630 1081 1882 1115 ramorum

190 1141 588 1192 accommodatur
635 1141 863 1191 salutaris
917 1141 1128 1191 abscisio
1176 1148 1226 1191 et
1271 1156 1419 1190 naves
1474 1155 1674 1205 pressae
1730 1155 1881 1189 onere

191 1232 305 1266 cum
356 1218 492 1281 gravi
538 1222 828 1280 tempestate
876 1217 1119 1264 iactantur
1167 1215 1328 1264 solum
1373 1214 1557 1263 habent
1603 1229 1664 1264 ex
1703 1213 1881 1263 damno

190 1290 481 1340 remedium.
559 1290 690 1338 unde
730 1289 948 1338 breviter
986 1290 1102 1339 huic
1149 1289 1256 1338 loco
1305 1288 1610 1338 adnectenda
1649 1290 1883 1337 continuo

124 1375 166 1409 15
191 1364 472 1429 designabo

98 1436 175 1489 24
341 1440 385 1487 si
417 1453 533 1502 ergo
566 1437 946 1486 necessitatibus
978 1436 1270 1501 urgentibus
1296 1443 1380 1486 aut
1403 1438 1578 1486 aetatis
1609 1438 1883 1485 inmaturae

193 1519 275 1562 aut
322 1514 555 1560 vitiorum
603 1513 831 1576 superius
887 1511 1259 1575 comprehensis
1306 1526 1458 1576 pecus
1505 1510 1722 1560 molliter
1769 1509 1885 1559 sub-

190 1586 486 1635 trahendum
526 1587 637 1651 erit,
676 1585 754 1634 his
795 1600 941 1649 quam
980 1587 1192 1634 maxime
1225 1587 1481 1650 consentio
1520 1584 1799 1634 faciendum
1830 1590 1887 1632 ut

314 1719 337 1757 1
370 1714 627 1771 proderunt
662 1714 782 1770 ὕει,
811 1713 956 1770 prode
990 1714 1125 1756 erunt
1154 1714 1231 1768 fv:
1262 1713 1519 1769 proderunt
1549 1711 1766 1756 adhiberi
1788 1713 1884 1770 139,

194 1773 411 1817 adhiberi
441 1773 697 1830 proderunt
727 1789 764 1819 r.
941 1772 1105 1816 eadem
1138 1773 1351 1816 abtamen
1381 1774 1449 1829 (in
1479 1774 1588 1828 ras.)
1620 1772 1686 1817 B:
1721 1772 1886 1816 eadem

190 1832 320 1876 enim
344 1833 567 1877 adtamen
591 1835 727 1890 (attffi
751 1849 794 1891 9,
827 1831 1063 1888 adagmen
1085 1834 1128 1887 v)
1152 1833 1256 1889 fvy.
1350 1836 1376 1874 2
1401 1830 1551 1875 virtus
1569 1832 1666 1887 (sic)
1684 1831 1883 1889 vary:

193 1892 316 1935 ratio
351 1893 447 1938 Gel.
568 1898 594 1936 3
619 1892 687 1936 De
720 1893 891 1937 aborsu
923 1893 947 1935 b
963 1892 1057 1936 Gel.
1085 1891 1169 1947 (De
1194 1904 1365 1934 aruosu
1389 1892 1440 1947 e),
1473 1890 1540 1934 De
1566 1903 1730 1934 avorso
1755 1892 1886 1946 (—-su

191 1953 311 2008 ind.)
342 1966 380 2007 r,
412 1951 487 1995 Ad
514 1951 685 1996 aborsu
709 1954 788 2009 (m)
813 1953 883 2007 fv,
915 1950 982 1994 De
1015 1949 1242 1994 abortivis
1269 1949 1517 1993 mulierum
1540 1950 1585 1993 B
1610 1949 1685 2005 (de
1717 1948 1887 1992 abortu

195 2012 291 2055 i‘nd.
318 2011 393 2067 B),
426 2011 494 2055 De
527 2011 741 2056 abortivo
772 2025 867 2054 non
898 2009 1054 2053 dando
1085 2025 1126 2067 9.
1249 2013 1275 2052 5
1306 2011 1541 2066 yppo(yp0
1564 2007 1754 2066 ¹moratis
1771 2009 1887 2066 Bry

194 2072 409 2126 (ypocras
440 2072 526 2127 fv).
560 2072 617 2126 cf.
651 2071 797 2128 Hipp.
824 2071 1025 2126 (ἠιθέων.)
1048 2070 1090 2125 Ι,
1116 2073 1148 2115 2
1174 2069 1230 2113 L.
1331 2067 1481 2112 oratio
1513 2068 1647 2125 Bry,
1680 2067 1803 2111 ratio
1837 2069 1885 2113 b:

191 2143 278 2174 om.
311 2131 366 2184 fv
387 2130 482 2174 Gal.
608 2135 631 2173 7
666 2129 888 2186 quoniam
917 2128 1121 2186 Br9(b):
1155 2127 1267 2184 quia
1297 2128 1366 2183 fv.
1458 2125 1801 2184 inpossibilitas
1826 2128 1887 2182 fv

192 2189 288 2245 (hic
318 2189 509 2233 mutilus
536 2188 631 2234 Gez.
666 2191 748 2233 aut
779 2186 952 2233 aetatis
976 2200 1171 2244 propere
1195 2189 1306 2244 eta).
1383 2186 1469 2230 sub
1501 2200 1596 2242 qua.
1617 2199 1800 2247 pffipere
1826 2187 1887 2241 B,

195 2247 284 2291 sub
309 2261 403 2304 qua
427 2253 482 2291 osi
498 2262 684 2309 pgpore
700 2264 726 2294 r
743 2250 841 2306 (ubi
864 2252 920 2291 cu
930 2261 1020 2303 pro
1038 2249 1125 2303 ea),
1152 2246 1237 2289 sub
1255 2259 1350 2302 qua
1373 2250 1429 2289 εὖ
1445 2259 1594 2307 cppere
1610 2260 1653 2303 9,
1683 2244 1769 2289 sub
1794 2258 1907 2313 qua·

192 2338 241 2396 (a
265 2338 309 2393 v)
342 2341 443 2393 cfiq·
483 2351 635 2398 &pere
667 2338 723 2392 fv
756 2336 870 2392 (sub
903 2317 1191 2392 {Eq3'causa
1219 2334 1381 2396 cpferre
1413 2335 1469 2391 b).
1652 2338 1678 2378 8
1705 2332 1888 2378 evenire

192 2397 254 2451 fv
275 2396 370 2441 Gel.
496 2401 551 2447 10
581 2395 781 2440 mercari
810 2396 945 2454 Bry:
978 2407 1159 2438 merear
1189 2395 1246 2449 fv
1271 2392 1437 2451 (mergi
1468 2394 1523 2450 b).
1677 2397 1731 2435 11
1765 2391 1889 2436 sicut

198 2456 350 2512 -(15>
383 2454 663 2512 designabo:
695 2469 784 2512 pro
815 2456 886 2499 his
916 2455 983 2499 sic
1011 2455 1144 2498 habet
1175 2455 1200 2498 b
1233 2452 1354 2497 sicut
1384 2452 1518 2496 navis
1558 2464 1696 2495 onere
1724 2464 1890 2508 pressa

196 2527 306 2556 eum
337 2529 404 2571 gr.
431 2516 464 2559 t.
489 2514 708 2560 iactatur.
740 2513 861 2558 nihil
886 2513 1019 2557 aliud
1040 2511 1134 2556 nisi
1166 2512 1347 2557 solum
1377 2510 1470 2555 dei
1499 2509 1885 2567 remedium(!).

203 2577 258 2615 14
288 2573 412 2616 unde
444 2574 620 2631 Bryv:
652 2573 824 2617 munde
855 2574 884 2628 f
898 2574 977 2617 sol.
1003 2572 1210 2629 (modum
1243 2572 1395 2627 Gel.!)‚
1427 2585 1509 2615 om.
1544 2571 1582 2614 b.
1677 2573 1732 2613 16
1764 2568 1889 2625 in(i)-

197 2633 412 2675 :maturae
430 2635 550 2689 (—e)
566 2634 690 2690 fvry
703 2633 806 2677 Gel:
839 2630 1179 2675 immaturitate
1211 2632 1237 2676 b
1267 2636 1310 2676 et
1340 2631 1408 2687 (in
1430 2630 1538 2685 ras.)
1561 2629 1619 2672 B.
1734 2633 1786 2672 17
1819 2628 1889 2671 vi-
1946 2628 1950 2636 ⁴

196 2689 375 2733 tiorum
404 2692 459 2746 fv
486 2692 582 2736 Gel.
616 2692 880 2748 (humorum
909 2693 1007 2749 r9):
1039 2689 1175 2734 viciis
1205 2691 1302 2735 Bb.
1453 2687 1890 2744 comprehensorum

203 2749 299 2792 Gel.
448 2763 611 2806 pecus:
644 2753 796 2794 metus
827 2765 854 2795 v
877 2750 1046 2807 (foetus
1080 2750 1208 2805 Gal).
1384 2751 1439 2791 18
1470 2746 1565 2791 his:
1588 2746 1704 2792 ‘hinc
1735 2748 1890 2792 aliena

200 2807 348 2850 multa
373 2810 558 2862 praebet
589 2811 627 2852 b.
766 2823 908 2865 quam
938 2808 1139 2853 maxime
1169 2808 1237 2853 B:
1281 2812 1374 2863 qua
1403 2808 1480 2863 fv,
1513 2819 1609 2862 qua
1638 2821 1668 2865 9
1697 2807 1795 2862 (ubi
1822 2807 1890 2851 sic

199 2863 329 2908 moll.
362 2864 435 2907 his
469 2867 612 2910 subtr.
647 2867 747 2911 erit.
781 2882 875 2923 qua
922 2867 1254 2912 consentiendo
1292 2865 1512 2911 faciendi-1
1543 2867 1598 2909 ut
1623 2901 1631 2910 .
1653 2901 1662 2909 .
1683 2867 1724 2921 .),
1757 2879 1839 2910 om.
1863 2879 1891 2909 r

199 2928 246 2967 et
277 2924 373 2979 (ubi
413 2923 478 2966 sic
519 2926 756 2969 consentio
790 2927 839 2982 f.)
866 2927 961 2972 Gel.
