1988 3184
155 165 265 218 394
467 166 550 208 AN
551 164 931 208 TIDOTARIUM
959 164 1138 209 BRUX.
1171 163 1511 210 SECUNDUM.

152 306 211 354 ad
235 310 425 369 partem
449 300 748 368 <vastiorem
771 298 1007 369 iliorum>
1032 307 1082 351 et
1105 303 1236 352 circa
1260 294 1568 353 stomachum
1600 318 1840 369 suspensa

151 379 275 429 collo
314 377 414 427 lino
454 382 700 442 portetur,
746 378 815 425 ita
859 382 915 425 ut
960 391 1052 425 nec
1099 391 1224 441 aqua
1270 379 1522 442 contingat
1567 392 1660 428 nec
1705 383 1840 427 terra

111 512 118 518 ·
150 456 307 518 ipsam
345 456 570 499 naturam
608 451 728 499 ursi.

66 526 171 580 185
296 525 375 573 Ad
409 530 772 589 conceptum.
805 538 1008 588 gramen
1033 525 1168 573 corio
1195 526 1331 573 canis
1357 532 1526 575 curato
1557 531 1614 575 ut
1645 531 1840 591 oportet

150 601 390 664 illigatum
423 598 616 648 steriles
650 599 911 662 concipere
943 598 1072 647 facit.
1113 598 1246 647 idem
1277 599 1500 649 efficiimt
1529 600 1838 650 mercurialis
1883 615 1905 650 5

150 682 198 725 et
236 673 450 722 verbena
482 672 679 738 herbae,
721 687 844 736 quae
876 678 977 721 tam
1016 672 1316 722 masculinae
1358 681 1474 723 sunt
1513 690 1659 739 quam
1698 675 1837 724 femi-

148 763 308 799 mnae.

62 822 166 875 186
294 821 374 871 Ad
415 821 832 886 dysentericos
871 819 962 869 vel
1003 822 1103 884 qui
1140 822 1386 870 nimium
1434 821 1660 871 fluxum
1698 838 1836 871 ven-

145 899 258 947 tris
290 898 616 961 patiuntur.
659 909 828 943 semen
860 894 920 942 de
952 893 1146 958 lapatho
1179 897 1363 958 agresti
1394 897 1516 944 teris
1548 901 1598 945 et
1628 897 1836 946 mundas

146 978 195 1021 et
263 973 316 1019 in
384 971 496 1018 vino
558 970 715 1017 veteri
776 970 918 1031 nigro
981 967 1120 1016 dabis
1181 968 1274 1018 hoc
1337 971 1533 1033 signum
1592 970 1832 1019 reddenti.
1860 986 1902 1018 10

147 1046 472 1110 quotiensque
513 1041 769 1091 assellatus
816 1042 988 1108 fuerit,
1034 1044 1217 1091 totiens
1263 1049 1434 1107 postea
1481 1059 1541 1092 ex
1587 1045 1681 1093 ista
1721 1060 1834 1093 con-

146 1120 356 1168 fectione
397 1116 607 1166 curabis,

60 1191 164 1244 187
293 1192 450 1241 Item.
493 1189 708 1239 cocleam
749 1204 862 1238 cum
899 1195 1025 1238 testa
1066 1195 1116 1238 et
1154 1205 1302 1239 carne
1337 1190 1587 1240 comburis
1619 1198 1669 1241 et
1699 1195 1836 1259 teriS,

147 1274 195 1316 et
241 1267 424 1315 lentem
478 1269 750 1313 nostratem
796 1269 846 1312 et
891 1265 1049 1327 ipsam
1098 1263 1346 1312 comburis
1394 1270 1444 1313 et
1495 1267 1642 1331 teriS,
1694 1268 1837 1331 piper

148 1340 291 1390 simul
333 1341 506 1388 tritum
545 1340 716 1403 mittis,
755 1342 805 1386 et
843 1337 983 1386 dabis
1022 1339 1275 1401 potionem
1307 1339 1359 1386 in
1400 1354 1524 1402 aqua
1564 1339 1732 1389 calida.
1860 1353 1902 1387 15

61 1413 165 1466 188
294 1414 372 1462 Ad
429 1413 848 1477 dysentericos
903 1411 993 1459 vel
1049 1411 1266 1476 quibus
1320 1414 1565 1462 nimium
1627 1420 1836 1463 venter

146 1489 286 1538 fluit
324 1490 390 1536 ita
430 1493 485 1536 ut
523 1487 713 1550 fatigati
752 1485 812 1533 ad
850 1485 1128 1549 periculum
1174 1488 1485 1552 perveniant,
1532 1487 1705 1554 facieS,
1752 1488 1835 1537 ad-

145 1562 419 1611 miraberis,
466 1575 604 1609 mora
652 1558 867 1608 silvatica
915 1564 1138 1624 tempore
1195 1575 1283 1608 suo
1335 1560 1523 1624 colligis
1572 1577 1684 1611 cum
1732 1564 1835 1611 suis

145 1637 276 1685 foliis
316 1642 365 1685 et
396 1636 610 1700 reponis.
653 1648 749 1698 quo
780 1638 1002 1698 tempore
1036 1633 1213 1698 aliquis
1245 1636 1538 1684 necessitate
1576 1637 1834 1702 retinetur,

144 1713 195 1759 in
236 1709 469 1759 cacabum
515 1708 691 1757 rudem
736 1708 915 1773 mittis,
971 1723 1152 1772 coques
1199 1707 1319 1757 illud
1367 1708 1630 1773 diligenter
1674 1725 1832 1775 usque
1857 1724 1900 1758 20

146 1785 206 1833 ad
244 1786 416 1833 tertias
424 1823 438 1850 ,
486 1789 535 1832 et
574 1782 660 1831 das
701 1783 748 1830 ei
794 1787 987 1847 potum,
1035 1787 1084 1830 et
1132 1784 1365 1831 continuo
1407 1785 1607 1848 stringit
1645 1783 1834 1834 fluxum

148 1860 399 1922 sanguinis
442 1859 526 1921 qui
565 1858 617 1904 in
655 1861 827 1904 ventre
868 1861 955 1903 est.

62 1929 166 1982 189
295 1932 372 1980 Ad
413 1931 830 1995 dysentericos
871 1935 926 1978 et
960 1931 1060 1994 qui
1100 1933 1388 1995 sanguine
1428 1931 1519 1980 vel
1558 1932 1830 1980 mucilla-

146 2008 301 2069 gine
350 2004 802 2054 assellantur.
859 2002 1033 2067 gallam
1087 2003 1291 2053 rubeam
1339 2010 1387 2054 et
1434 2007 1618 2054 cummi
1666 2005 1833 2055 album

145 2079 516 2128 alexandrinum
555 2079 726 2142 aequis
765 2076 1068 2141 ponderibus
1107 2078 1276 2127 tundis
1309 2085 1358 2128 et
1397 2081 1562 2128 cernis
1602 2085 1651 2128 et
1690 2079 1829 2129 dabis
1854 2092 1897 2126 25

146 2153 365 2202 cocleare
405 2168 560 2201 unum
599 2154 651 2200 in
691 2167 779 2199 ovo
821 2150 1005 2200 sorbili.

62 2224 168 2277 190
294 2227 451 2276 Idem
491 2232 541 2275 et
578 2225 731 2274 herba
770 2228 1053 2289 argemonia
1084 2226 1244 2293 faciet,
1283 2232 1338 2276 ut
1370 2228 1477 2276 eius
1512 2242 1685 2276 sucum
1717 2229 1830 2276 vino

144 2303 297 2350 mixto
331 2302 549 2365 accipiat.
591 2301 741 2348 etiam
773 2301 816 2348 si
848 2298 1027 2363 aliquis
1058 2300 1190 2349 ferro
1223 2301 1373 2350 fuerit
1402 2316 1685 2368 percussuS,
1719 2317 1831 2351 cum

146 2377 354 2439 axungia
392 2382 537 2423 tunsa
577 2373 787 2422 curabis,
829 2375 977 2422 etiam
1017 2374 1075 2422 ad
1115 2374 1316 2423 vulnera
1354 2377 1542 2439 pariter
1582 2376 1709 2424 facit.

59 2445 161 2497 191
291 2449 447 2498 Idem
493 2448 721 2512 plantago
769 2448 907 2514 facit,
954 2454 1009 2496 ut
1056 2454 1192 2497 aceto
1241 2455 1499 2515 coquatur,
1548 2451 1591 2498 si
1635 2449 1828 2498 modice
1853 2462 1897 2495 ao

146 2523 322 2571 exinde
361 2523 510 2571 bibat.

265 2682 290 2722 8
324 2678 619 2722 disintericos
645 2679 691 2722 B
727 2680 851 2734 (item
881 2679 1047 2735 infra).
1177 2683 1203 2722 9
1234 2678 1430 2736 lapatho
1463 2680 1599 2737 (vuly.
1631 2678 1827 2736 lapatio)

145 2738 235 2780 ed„-
265 2736 447 2792 inpatio
480 2738 539 2780 B.
664 2742 719 2780 10
758 2739 915 2781 vetere
947 2738 1005 2782 B.
1126 2736 1216 2781 hoc
1248 2752 1283 2782 s.
1315 2737 1533 2782 reddenti
1563 2752 1646 2782 om.
1679 2739 1745 2783 ed.

146 2798 202 2836 23
234 2795 459 2850 sanguine
490 2795 566 2839 vel
597 2795 927 2853 muccillagine
947 2797 1050 2853 (sic)
1069 2796 1128 2840 B.
1214 2801 1271 2840 24
1284 2796 1462 2855 gummi
1486 2811 1527 2841 a.
1553 2795 1829 2841 alexandrifi

148 2854 249 2907 (sic)
284 2854 341 2896 Β.
478 2858 533 2897 27
565 2855 695 2898 Idem
727 2868 783 2898 ex
814 2855 858 2900 h.
892 2869 934 2900 a.
966 2854 1112 2899 facies
1144 2855 1204 2900 B.
1357 2855 1619 2913 agrimonia
1649 2856 1709 2901 B.

147 2914 203 2952 29
235 2910 436 2966 exungia
459 2913 517 2957 B.
629 2913 950 2957 etiam—facit
981 2926 1062 2958 om.
1088 2915 1154 2958 ed.
1261 2914 1397 2959 facit:
1429 2916 1524 2960 scil.
1557 2912 1828 2971 argemonia

148 2969 322 3023 (Diosc.
348 2975 395 3024 2,
418 2973 560 3026 2051).
682 2975 738 3016 30
777 2971 894 3015 facit
931 2973 1005 3029 (sc.
1054 2972 1392 3030 dysentericis).
