1988 3184
152 161 265 216 422
709 161 1285 205 PsEUDo-THEODORI

153 294 351 340 radices.
400 294 524 338 unde
572 294 734 338 coctae
772 293 824 337 in
871 294 1006 338 aceto
1053 293 1116 337 ad
1163 292 1376 338 dentium
1422 292 1606 338 dolores
1647 292 1844 351 faciunt,

153 362 406 420 praecipue
438 360 500 404 ad
532 359 832 404 comestiores
866 372 1039 405 eorum.
1079 358 1236 415 liquor
1264 373 1376 404 vero
1406 359 1616 417 ipsorum
1645 359 1843 418 capillos

151 427 300 484 vellit,
334 429 382 471 et
414 426 455 470 si
477 425 747 482 frequenter
769 426 972 483 unxeris,
1005 425 1170 483 capilli
1193 425 1287 483 ipsi
1311 428 1530 470 arescunt
1561 429 1609 472 et
1630 429 1842 484 pereunt.

150 494 327 539 tollunt
358 492 503 538 etiam
533 506 767 551 verrucas,
800 494 967 537 curant
996 491 1336 550 impetiginem.

150 959 326 1004 virides
367 960 407 1003 si
446 959 641 1018 fuerint,
682 960 836 1004 minus
877 960 1163 1004 calefaciunt
1209 962 1258 1004 et
1297 960 1489 1005 siccant.
1530 963 1578 1005 et
1610 959 1650 1004 si
1689 959 1840 1004 siccae

146 1027 336 1083 fuerint,
370 1029 418 1071 et
448 1027 608 1071 urinas
640 1029 901 1084 provocant
933 1029 980 1071 et
1012 1027 1221 1084 splenem
1252 1029 1431 1071 curant.

62 1098 148 1137 129
271 1092 541 1136 Tribolus
574 1093 799 1138 virtutem
828 1093 976 1138 habet
1007 1093 1244 1151 frigidam.
1279 1095 1326 1137 et
1350 1093 1551 1150 agrestis
1581 1093 1729 1137 habet
1754 1093 1842 1137 sic-

153 1175 256 1204 cam
287 1162 335 1203 et
367 1159 622 1216 stypticam
652 1160 890 1216 virtutem,
932 1160 1053 1205 alter
1085 1162 1245 1204 autem
1274 1161 1486 1203 umectus
1519 1162 1604 1204 est.
1646 1162 1695 1204 et
1723 1159 1841 1203 facit

147 1226 347 1283 agrestis
381 1226 442 1269 ad
472 1225 656 1283 lapides
688 1241 865 1284 renum,
899 1227 939 1270 si
971 1229 1130 1271 coctus
1162 1227 1213 1270 in
1244 1241 1368 1283 aqua
1401 1227 1540 1270 datus
1571 1226 1727 1272 fuerit.
1863 1239 1907 1273 15

59 1297 144 1338 130
265 1293 384 1337 Uva
414 1307 590 1349 passa
621 1293 847 1338 virtutem
878 1293 1085 1337 calidam
1109 1296 1156 1337 et
1185 1293 1440 1350 stypticam
1469 1292 1628 1351 habet,
1663 1295 1711 1338 et
1741 1307 1839 1337 ma-

145 1361 277 1403 turat
306 1373 490 1403 umores
523 1362 764 1417 corruptos
798 1362 846 1404 et
878 1361 1173 1404 stomachum
1195 1360 1443 1405 confortat.
1480 1360 1680 1416 denique
1705 1362 1753 1404 et
1777 1360 1840 1404 ad

146 1426 362 1483 potiones
404 1426 635 1470 stomachi
674 1429 722 1470 et
761 1427 912 1484 epatis
958 1427 1306 1483 commiscetur,
1351 1428 1400 1471 et
1439 1428 1512 1470 est
1551 1426 1840 1471 adiutorium

147 1493 388 1550 optimum.

58 1564 139 1603 131
262 1560 449 1603 Venta
487 1559 711 1604 virtutem
750 1560 1005 1617 stypticam
1047 1563 1095 1605 et
1126 1559 1350 1617 frigidam
1382 1560 1539 1605 habet.
1581 1560 1757 1604 idcirco
1790 1563 1839 1605 et
1862 1571 1905 1603 20

145 1626 320 1669 fluxum
351 1626 528 1670 ventris
562 1627 784 1671 continet.

58 1697 142 1735 132
264 1692 461 1736 Viscus
503 1693 727 1738 virtutem
763 1694 911 1738 habet
962 1694 1168 1738 calidam
1214 1696 1262 1738 et
1303 1693 1454 1738 trahit
1501 1694 1559 1738 de
1604 1693 1837 1750 profundo

146 1773 343 1815 umores,
376 1773 471 1803 non
504 1759 655 1803 solum
684 1762 850 1805 tenues
884 1762 966 1805 sed
999 1761 1145 1805 etiam
1168 1760 1356 1818 spissos,
1391 1762 1439 1804 et
1464 1760 1606 1805 solvit
1638 1762 1686 1804 et
1710 1774 1838 1817 spar-

146 1825 230 1882 git.
264 1825 486 1869 continuo
519 1826 680 1882 itaque
712 1827 905 1872 minime
938 1827 1179 1883 calefacit,
1223 1827 1306 1872 sed
1336 1827 1533 1871 tardius.
1569 1829 1688 1884 (133)
1721 1826 1838 1871 folia

264 2000 289 2039 5
322 1996 482 2041 Simon
512 2012 546 2041 3.
579 1996 790 2041 Titanus.
825 1997 936 2041 The.
969 1997 1086 2042 Pris,
1119 1997 1241 2040 libro
1276 1997 1332 2041 de
1366 1997 1569 2053 simplici
1600 1997 1836 2042 medicina

144 2057 217 2099 est
241 2055 346 2099 calx
369 2055 479 2100 viva
503 2056 641 2101 idem.
660 2056 835 2100 Paulus
861 2070 929 2101 ca.
957 2057 1014 2100 de
1038 2055 1248 2113 idropisi.
1284 2056 1366 2100 sed
1389 2055 1512 2100 libro
1538 2057 1595 2099 de
1621 2057 1835 2101 doctrina

144 2128 284 2170 greca
315 2117 369 2158 ut
402 2130 541 2172 supra
574 2118 683 2172 (scil.
719 2118 791 2160 est
822 2116 928 2159 calx
959 2129 984 2160 e
1016 2130 1164 2172 gypso
1197 2118 1316 2172 etc.).
1352 2117 1428 2171 (cf.
1467 2116 1625 2171 Orib).

264 2267 289 2305 2
323 2264 385 2306 ad
417 2263 785 2308 conmestionem
816 2261 1158 2323 (βεβρωμένοις)
1193 2263 1247 2308 G.
1372 2267 1397 2306 5
1434 2262 1745 2320 inpetiginem
1775 2264 1834 2307 ti-

144 2324 326 2366 tannOS.
361 2336 451 2378 que
483 2329 558 2368 etc.
596 2325 712 2379 (sine
744 2324 912 2378 discr).
1035 2322 1336 2379 appellantur
1359 2322 1542 2367 calcina
1564 2323 1674 2368 viva
1697 2337 1836 2368 veae-

143 2384 324 2426 menter
358 2381 413 2426 G.
552 2387 577 2425 6
610 2397 647 2427 0.
683 2382 722 2425 δι
751 2381 936 2426 istricta
964 2382 1019 2427 G.
1150 2396 1337 2438 parum:
1368 2396 1560 2438 passum
1589 2384 1683 2427 cod.
1721 2383 1775 2428 G.

147 2445 171 2483 7
204 2441 272 2484 De
303 2442 565 2497 tragantus
600 2442 860 2485 Tracantus
896 2441 949 2485 G.
1081 2440 1272 2486 cummi:
1305 2455 1493 2498 gumme
1525 2443 1618 2486 cod.
1653 2442 1837 2499 (κόμμει

144 2500 318 2556 Diosc.)
354 2499 408 2543 G.
532 2504 558 2543 8
583 2500 739 2544 lanius
776 2500 831 2545 G.
984 2500 1163 2545 exiccet
1195 2499 1257 2543 ad
1287 2513 1421 2544 renes
1452 2500 1576 2543 Nam
1607 2502 1656 2544 et
1687 2500 1837 2544 cortix

146 2560 194 2601 et
238 2558 415 2602 fractus
442 2595 450 2602 .
480 2595 488 2603 .
517 2595 525 2602 .
555 2561 655 2614 (ubi
694 2561 983 2616 principium
1028 2561 1137 2605 'novi
1181 2561 1377 2615 capituli
1422 2573 1505 2604 om.
1553 2561 1684 2616 cod).

146 2621 201 2659 10
232 2616 493 2673 istipticam
528 2618 582 2662 G.
723 2623 778 2662 12
812 2621 859 2663 et
889 2618 1043 2675 isplen
1073 2633 1110 2663 0.
1148 2618 1202 2663 G.
1357 2622 1412 2661 13
1444 2618 1513 2662 De
1543 2617 1702 2663 tribui.
1735 2618 1836 2662 Tri-

143 2674 227 2717 bui
262 2676 316 2720 G.
441 2681 497 2719 14
527 2675 789 2733 istipticam
824 2678 877 2722 G.
1025 2677 1145 2722 alter
1176 2680 1355 2722 autem:
1388 2676 1580 2721 alterita
1612 2691 1702 2733 que
1734 2678 1835 2734 (hu-

144 2735 340 2790 mectus)
361 2735 414 2778 G.
510 2739 564 2778 16
590 2738 680 2793 (20)
707 2736 959 2795 [i]stiptica
983 2737 1037 2782 G.
1128 2739 1317 2781 matura
1340 2738 1546 2780 tumores
1567 2736 1620 2781 G.
1717 2740 1772 2780 17
1798 2736 1837 2780 8τ,

146 2793 384 2835 estomacfi
416 2807 453 2836 c.
490 2793 544 2839 G.
668 2799 723 2839 18
757 2795 793 2852 [1
818 2795 1015 2839 stomaci
1049 2795 1104 2841 G.
1235 2794 1564 2840 commiscitur.
1640 2799 1721 2843 ,19
1754 2795 1834 2839 ob-

144 2848 313 2893 timum
354 2852 407 2895 G.
583 2857 640 2896 20
672 2852 750 2897 CX
838 2855 903 2897 ΠΙ
940 2854 1009 2899 De
1046 2856 1203 2899 uenta.
1243 2855 1399 2899 Venta
1433 2854 1476 2899 G
1507 2855 1628 2910 (fort.
1668 2854 1834 2898 Inante

146 2907 367 2964 (οἰνάνθη
401 2910 556 2954 Diosc.
582 2913 625 2965 5,
651 2914 708 2967 5).
811 2913 913 2956 ab&
947 2914 1001 2958 G.
1096 2919 1152 2957 22
1177 2915 1245 2958 De
1275 2913 1417 2958 visco.
1450 2912 1617 2957 Viscus
1653 2913 1697 2957 G
1719 2911 1835 2970 (ἰξός

148 2966 252 3011 Gal.
278 2969 360 3012 ubi
380 2981 464 3023 seq.
493 2970 566 3011 ἴου
590 2968 648 3012 τὰ
672 2970 854 3026 φύλλα).
931 2971 1049 3016 trait
1069 2972 1123 3016 G.
1187 2977 1244 3016 23
1260 2971 1462 3029 ispargit
1481 2971 1536 3016 G.
1607 2975 1682 3015 24.
1697 2972 1833 3016 ..tar-

1982 521 1988 546 Ξ

61 566 148 606 126
269 559 536 617 Titanos,
585 573 706 615 quae
753 558 1023 616 appellatur
1060 558 1167 603 calx
1204 559 1335 611 viva.
1379 559 1681 604 vehementer
1719 573 1843 603 com·
1888 573 1911 607 5
1980 555 1988 623 ξ

152 626 293 683 burit,
327 626 536 670 extincta
566 639 677 670 vero
708 626 914 671 fideliter
943 626 1040 670 urit
1071 627 1154 671 sed
1182 640 1363 684 parum.

62 697 146 738 127
268 693 708 750 Tragacanthus
742 693 910 737 similis
942 693 993 736 in
1022 693 1198 738 virtute
1231 693 1403 737 cummi
1435 695 1520 739 est.
1553 695 1602 738 et
1625 692 1843 738 similiter

148 760 301 804 lenius
334 759 655 817 aegritudines
687 774 903 804 umorum
934 759 1152 804 exsiccat.
1187 760 1248 803 ad
1278 773 1426 804 renes.

61 830 148 870 128
271 826 694 887 <Terebinthus
722 864 730 872 .
759 864 767 871 .
796 826 843 887 .>
885 841 996 875 nam
1035 828 1082 871 et
1122 828 1282 870 cortex
1313 829 1362 870 et
1399 826 1579 871 fructus
1618 825 1843 871 virtutem

149 892 405 950 stypticam
446 893 646 950 habent,
696 894 779 938 sed
819 896 867 938 et
913 893 1199 937 calefaciunt
1238 895 1286 938 et
1324 893 1516 939 siccant.
1558 895 1606 937 et
1643 892 1842 937 nimium
1864 906 1909 940 10
1980 899 1988 903 ⁴
