1988 3184
622 83 638 105 .

537 118 998 190 AN‘rmo'rARmM
1027 139 1488 190 sumamma.-
1751 143 1861 197 375

130 286 299 336 lidae
348 285 500 348 cyatis
545 282 728 349 tribuS,
775 283 862 333 ubi
907 284 1072 348 apium
1118 283 1268 331 fuerit
1315 282 1594 348 decoctum,
1641 282 1858 332 dandum

173 357 449 410 antidotum
485 356 631 406 modo
671 358 814 406 nucis
853 355 1115 405 abellanae

2 440 5 488 f
55 495 57 499 ,
83 438 155 494 41
323 445 400 494 To
441 443 788 494 dialthaeas.
829 446 872 493 si
911 443 1001 493 sub
1040 443 1179 493 hirco
1214 442 1404 493 scabies
1436 445 1627 510 exierit,
1667 443 1726 492 ad
1766 443 1855 492 du-

173 517 389 568 raniolos
443 518 561 568 facit
615 524 664 567 et
719 518 779 567 ad
839 517 947 566 loca
1008 516 1223 566 dolentia
1275 518 1530 583 universa,
1589 518 1854 582 praecipue

0 593 1 602 ³
35 618 41 632 2
126 648 129 650 ,
171 597 337 641 tamen
369 592 429 640 ad
467 606 666 640 umores
707 597 756 640 et
795 591 1002 640 duritias
1034 595 1083 639 et
1114 595 1426 655 apostemata.
1465 589 1667 654 prodest
1700 605 1853 654 aeque
1897 599 1924 633 5

173 665 486 714 carbunculis
524 664 726 714 clavulis
765 669 815 712 et
853 663 1141 713 furunculis,

304 755 463 803 -cuius
503 754 793 817 compositio
832 751 943 800 talis
983 757 1071 800 est.
1113 766 1314 815 spumae
1347 752 1551 817 argenti,
1591 750 1686 798 olei
1726 765 1858 799 com-

173 828 338 876 munis
369 825 520 875 libras
553 825 785 892 singulaS,
817 824 1010 889 galbani
1039 824 1223 890 ÷1111‚
1262 839 1403 873 cerae
1435 823 1631 890 rubeae,
1663 825 1857 872 resinae

172 899 535 948 terebinthinae
575 898 726 947 libras
767 897 1007 964 singulas,
1045 897 1190 946 ibisci
1221 897 1442 946 radicum
1474 896 1732 945 fasciculos
1755 895 1856 945 1111.

174 987 398 1038 spumam
443 973 635 1035 argenti
681 986 794 1019 cum
841 970 948 1019 oleo
995 972 1047 1018 in
1096 971 1388 1018 mortarium
1440 971 1595 1018 mittis
1642 975 1691 1018 et
1736 971 1858 1018 teris
1883 983 1926 1016 ιο

172 1061 330 1110 usque
371 1045 430 1094 ad
471 1059 711 1094 summam
761 1043 1081 1108 limpidinem.
1129 1044 1366 1108 resinam,
1406 1058 1569 1091 ceram
1608 1058 1721 1091 cum
1759 1042 1858 1106 gal-

172 1119 300 1168 bano
341 1119 448 1167 foco
488 1117 588 1166 leni
626 1118 908 1181 impositam
948 1116 1095 1165 solvis
1142 1118 1194 1164 in
1234 1115 1435 1180 cacab0,
1481 1115 1687 1180 proinde
1728 1115 1859 1164 colas

20 1235 22 1238 ,
174 1198 224 1241 et
261 1194 426 1256 iungis
467 1205 579 1240 cnm
619 1206 790 1255 spuma
823 1192 1014 1254 argenti
1046 1196 1096 1238 et
1128 1189 1234 1238 oleo
1268 1189 1475 1238 detritis,
1516 1189 1660 1237 ibisci
1696 1194 1860 1237 autem

173 1265 366 1314 radices
405 1265 620 1328 detergis
661 1269 710 1312 et
747 1270 917 1328 postea
956 1263 1080 1311 lotas
1120 1264 1172 1311 in
1209 1262 1308 1326 pila
1346 1262 1514 1311 tundis
1555 1268 1603 1310 et
1642 1264 1693 1310 in
1728 1277 1858 1310 mor-

173 1340 298 1388 tario
331 1338 470 1387 fictili
492 1336 676 1403 pistillo
710 1336 871 1401 ligneo
903 1338 1039 1402 teris,
1080 1351 1335 1400 quousque
1368 1335 1494 1384 bene
1520 1337 1584 1383 sit
1608 1335 1855 1384 detritum.
1882 1348 1923 1380 15

173 1411 408 1477 paulatim
446 1413 666 1475 iungitur
714 1425 826 1459 cum
874 1412 1021 1474 s'upra
1059 1410 1365 1474 memoratiS,
1406 1414 1454 1457 et
1492 1408 1697 1456 terendo
1739 1408 1856 1456 adu-

129 1526 133 1531 .
174 1491 367 1534 nantur.
408 1485 627 1534 confecta
667 1486 719 1532 in
758 1483 897 1532 fictili
937 1488 1205 1531 servantur.

87 1566 157 1618 42
323 1572 519 1621 Musae
566 1573 765 1620 trocisci
820 1572 976 1619 virtus
1022 1570 1225 1634 prodest
1269 1569 1347 1617 his
1397 1567 1724 1632 passionibus.
1780 1583 1858 1617 ca-

175 1648 292 1712 pitis
332 1645 491 1695 dolori
530 1651 579 1694 et
618 1644 773 1694 oculis
815 1659 959 1707 saepe
999 1641 1457 1707 reumatizantibuS,
1505 1656 1564 1689 ex
1604 1646 1740 1690 aceto
1780 1656 1857 1688 re-

178 1719 337 1768 soluto
377 1725 479 1768 tota
526 1719 662 1767 frons
710 1718 904 1765 linatur.
953 1715 1154 1764 auribus
1201 1730 1372 1764 umore
1418 1714 1579 1778 plenis
1626 1720 1709 1762 aut
1754 1714 1857 1762 vul-
1881 1729 1925 1761 20

176 1808 295 1842 nera
317 1791 628 1857 habentibuS,
668 1806 728 1839 ex
759 1793 871 1838 vino
904 1795 1100 1838 austero
1126 1794 1174 1836 et
1201 1788 1344 1836 melle
1377 1787 1624 1835 resolutus
1657 1786 1858 1836 auribus

176 1866 476 1915 infundetur.
529 1866 738 1928 gingivis
776 1863 989 1927 putridis
1029 1868 1112 1910 aut
1152 1863 1386 1925 sanguine
1426 1859 1586 1924 plenis
1626 1860 1703 1908 vel
1742 1860 1858 1908 den-

177 1939 309 1988 tibus
349 1939 509 2004 ssuxis,
548 1940 601 1986 in
632 1937 884 2001 pulverem
916 1935 1125 1983 detritus
1158 1940 1240 1983 aut
1272 1935 1424 1998 digito
1457 1939 1541 1982 aut
1572 1933 1696 1982 mele
1729 1935 1859 1982 intra

178 2028 233 2061 os
272 2014 513 2064 mittitur„
545 2012 738 2059 narium
784 2009 950 2058 ulcera
994 2010 1263 2056 inveterata
1309 2008 1541 2055 diuturno
1588 2022 1760 2055 umore
1800 2022 1859 2054 ex

0 2147 2 2149 p
177 2087 290 2134 vino
331 2091 526 2134 austero
566 2083 811 2132 resolutus
851 2087 900 2129 et
931 2083 1244 2133 intromissus
1286 2085 1435 2129 sanat.
1475 2079 1724 2129 ulceribus
1758 2095 1859 2127 om·
1883 2093 1926 2127 25

0 2163 30 2223 ξι,
178 2159 324 2207 nibus
371 2157 651 2206 forensibus
699 2170 810 2204 cum
861 2154 1074 2202 linteolis
1120 2154 1290 2202 linitus
1346 2159 1394 2201 et
1447 2154 1706 2217 impositus
1746 2167 1858 2216 pro-

179 2232 301 2280 dest.
342 2232 476 2280 fluxu
522 2231 707 2278 ventris
750 2234 798 2276 et
837 2229 1072 2291 sanguine
1120 2226 1463 2275 assellantibus
1512 2240 1599 2274 seu
1637 2240 1859 2273 rasuram

180 2321 292 2354 cum
330 2304 591 2369 putredine
631 2300 924 2350 facientibus
958 2316 1016 2348 ex
1048 2301 1160 2348 vino
1202 2304 1395 2348 austero
1437 2303 1574 2346 cocto
1615 2299 1666 2346 in
1698 2304 1860 2346 murta

180 2384 417 2442 quantum
464 2375 662 2424 modum
713 2374 1069 2437 aestimaveris,
1124 2371 1200 2420 vel
1247 2378 1380 2420 certe
1430 2372 1570 2434 quasi
1615 2385 1768 2436 merc,
1806 2372 1860 2418 in

300 2581 326 2619 3
359 2573 510 2618 Todia
541 2572 701 2616 althea
731 2572 790 2616 Β.
973 2573 1055 2614 aut
1087 2569 1355 2614 duraniolos
1385 2570 1492 2624 (sic)
1521 2569 1580 2614 Β.
1732 2574 1757 2613 9
1789 2569 1859 2612 hi-

179 2634 300 2678 bisci
330 2634 389 2677 B.
532 2630 705 2674 radicis
739 2633 810 2686 (ex
839 2630 941 2687 rad)
973 2630 1031 2674 Β
1214 2633 1268 2672 12
1300 2627 1397 2671 leui
1427 2628 1487 2672 Β.
1641 2631 1694 2671 18
1726 2628 1861 2673 Musa

179 2693 330 2737 virtus
360 2689 550 2734 trocisci
583 2690 685 2745 (εἰσ)
717 2689 776 2733 Β.
931 2694 983 2732 19
1016 2701 1072 2731 ex
1103 2689 1192 2732 eol·
1227 2688 1274 2730 et
1305 2687 1364 2730 Β.
1493 2691 1546 2730 21
1585 2687 1768 2731 austere
1800 2688 1860 2732 Β.

180 2755 238 2794 23
269 2749 405 2793 fluxis
436 2750 540 2802 (εἰσ)
574 2748 632 2792 Β.
756 2746 955 2791 detritus
986 2748 1075 2791 eda
1106 2744 1297 2790 retritus
1329 2745 1388 2790 Β.
1510 2744 1649 2789 melle
1672 2747 1778 2799 (sic)
1801 2746 1859 2791 Β.

181 2813 238 2853 25
271 2810 456 2852 austere
486 2807 545 2851 Β.
674 2805 883 2850 resolutii
914 2807 962 2849 et
991 2803 1311 2849 intromissum
1340 2804 1399 2849 Β.
1522 2808 1577 2848 26
1602 2802 1792 2848 linitum
1815 2806 1863 2848 et

181 2866 456 2924 impositum
485 2865 544 2909 Β.
668 2869 722 2908 27
756 2863 882 2907 fluxu
912 2879 954 2909 v.
988 2877 1046 2908 ex
1076 2862 1302 2920 sanguine
1333 2863 1393 2908 B.
1497 2865 1553 2905 28
1586 2864 1769 2907 austere
1800 2863 1861 2908 Β.

184 2926 327 2970 mirta
357 2925 417 2969 Β.
539 2927 596 2968 29
627 2937 807 2983 merum
829 2924 888 2968 Β.
