1950 3172
198 99 305 155 106
738 64 1385 145 mnenompmsc'nm

196 239 321 291 cibis
354 241 586 305 congruis
617 240 916 289 nutriantur.
973 239 1271 288 conveniens
1300 244 1377 288 est
1406 238 1629 304 profecto
1652 240 1706 288 in
1735 245 1792 290 ut
1821 239 1864 290 ’,
1880 283 1883 285 .

197 330 292 380 que
339 314 601 380 aliquando
649 315 921 377 incongrua
966 311 1111 361 bono'
1143 317 1368 378 tempore
1411 328 1557 378 posse
1595 314 1762 363 minus
1801 327 1877 362 1)ι

195 389 367 456 ficere,
422 403 569 453 quam
623 402 680 436 ea
736 402 860 451 quae
915 385 1056 443 utilia
1109 386 1393 436 iudicantur
1440 388 1484 436 si
1529 388 1911 454 incompetenti

195 469 421 527 tempore
463 465 807 526 suggerantur.
870 459 1038 509 docuit
1076 462 1211 509 enim
1249 466 1424 510 natura
1456 462 1678 510 omnium
1709 456 1906 525 guber-'

149 548 172 580 5
196 537 358 585 natrix
412 537 464 584 in
519 536 679 583 initiis
735 535 956 583 omnium
1003 535 1391 592 commotionum
1438 533 1529 584 sub
1577 549 1910 600 quacumque

196 615 328 659 sorte
361 624 624 659 causarum
657 607 1038 674 advenientium,
1078 623 1191 657 cum
1229 610 1507 673 praesentis
1539 608 1923 660 admonitionis

194 688 487 749 tempestate
519 681 759 732 naturalis
797 681 879 730 ille
911 697 1063 747 vapor
1093 681 1321 731 turbatus
1352 697 1583 732 recessus
1622 676 1917 732 interiores

193 759 396 822 petierit
442 763 491 806 et
538 772 650 806 cum
698 757 946 805 exteriora
1000 756 1322 805 articulorum
1375 756 1531 821 frigus
1578 755 1655 805 vel
1701 759 1947 824 tremor

195 831 490 896 quassabilis
513 832 842 896 occupaverit,
861 835 979 879 tunc
1003 830 1127 878 nihil
1149 831 1348 895 penitus
1374 846 1400 879 a
1424 830 1632 880 medicis
1656 832 1890 895 temptari

128 917 170 948 ιο
194 905 270 955 vel
303 899 528 954 adhiberi
560 904 757 954 debere.
815 910 863 953 at
892 919 1008 953 vero
1035 906 1323 953 imminente
1350 903 1695 970 declinatione,
1725 910 1887 953 trans·
1916 914 1943 958 ,ὲ

194 982 315 1029 actis
349 981 642 1045 augmentiS,
683 994 795 1027 cum
827 977 1063 1043 paulatim
1095 993 1245 1043 vapor
1278 994 1338 1027 ex
1371 977 1629 1027 altitudine
1662 980 1886 1043 aspirans

193 1056 358 1102 omnia
411 1053 494 1102 illa
542 1054 787 1101 exteriora
840 1052 1063 1101 membra
1108 1052 1407 1119 perfuderit,
1460 1058 1579 1101 tunc
1627 1052 1926 1101 adiutoriis:

193 1128 292 1176 cibi
333 1133 381 1176 et
418 1133 565 1193 potus
606 1128 968 1191 competentius
1010 1128 1297 1175 serviemus,

137 1212 176 1263 4
342 1231 459 1280 ergo
494 1217 726 1280 quoniam
758 1214 1019 1279 aliquando
1054 1214 1143 1264 sub
1174 1216 1324 1264 certis
1358 1214 1696 1264 accidentibus
1729 1215 1885 1263 mani-

127 1300 170 1332 15
194 1291 318 1339 festa
373 1289 686 1339 declarantur
739 1291 940 1338 nomina
994 1290 1302 1355 passionum,
1361 1289 1620 1353 aliquando
1677 1287 1884 1354 simplex

193 1364 409 1414 febrium
454 1366 615 1428 imago
655 1365 899 1429 visitatur,
948 1378 1071 1427 quae
1110 1364 1297 1412 ventris
1338 1378 1535 1427 semper
1575 1364 1885 1412 constrictio-
1935 1394 1950 1426 3„

192 1454 307 1487 nem
353 1444 610 1503 procuret,
657 1439 833 1502 capitis
882 1436 1124 1503 dolorem,
1171 1436 1367 1501 linguae
1415 1439 1751 1503 asperitatem,
1798 1435 1885 1486 ali-

194 1512 388 1577 quando
428 1513 803 1561 insomnietates
837 1526 950 1559 cum
989 1510 1179 1560 levibus
1219 1512 1400 1560 mentis
1433 1510 1701 1560 erroribus,
1763 1510 1885 1559 haec

190 1589 377 1636 ‘etenim
415 1602 474 1635 ex
507 1586 679 1635 eadem
718 1578 935 1634 febrium
967 1587 1172 1650 origine,
1204 1600 1383 1649 vapore
1416 1584 1707 1634 naturaliter
1741 1599 1885 1649 supe·
1942 1635 1950 1642 y,

125 1671 170 1702 20
193 1663 326 1710 riora
382 1666 665 1726 appetente,
723 1661 988 1724 praecipue
1045 1661 1203 1724 capite
1259 1659 1522 1708 sollicitato
1578 1661 1882 1723 contingunt.

192 1751 316 1800 quae
351 1735 624 1784 accidentia
655 1733 773 1782 licet
806 1735 954 1782 etiam
985 1735 1037 1781 in
1070 1734 1250 1782 ceteris
1282 1732 1597 1798 passionibus
1631 1748 1743 1782 cum
1775 1732 1885 1781 aliis
1932 1743 1950 1802 ᾖ*

192 1811 346 1874 signis
387 1808 616 1874 plurimis
653 1809 971 1873 misceantur,
1011 1813 1177 1856 tamen
1210 1822 1323 1856 cum
1355 1823 1446 1872 per
1479 1822 1530 1856 se
1565 1806 1667 1856 sola
1699 1807 1885 1855 fuerint
1936 1798 1950 1881 ξ

312 2029 335 2067 1
364 2025 435 2068 est
454 2025 550 2069 Gel.
567 2023 631 2069 V·
658 2037 741 2068 om.
760 2023 805 2067 Β
830 2027 870 2067 et
887 2023 985 2079 (ubi
1009 2021 1352 2078 convenientes)
1370 2037 1395 2066 r
1411 2022 1767 2078 (convenienter.
1800 2022 1891 2073 Est¹
1929 2018 1935 2035 ·'

190 2099 235 2140 p.
262 2082 292 2128 i.
324 2098 367 2128 11
402 2085 457 2126 ut
488 2082 808 2139 aliquando..
830 2083 924 2138 ..b)
1087 2081 1364 2138 profectu..
1384 2081 1673 2138 .incongruo
1707 2083 1764 2126 Β.

190 2156 381 2200 posse—
391 2144 664 2199 (4)tempore
689 2156 772 2186 om
799 2118 839 2186 b
851 2143 961 2197 (non
983 2142 1040 2197 r).
1132 2154 1268 2198 posse
1292 2139 1445 2184 minus
1470 2141 1667 2186 rVGela
1699 2154 1887 2197 possem
1939 2152 1950 2198 ’ξ

191 2205 297 2269 mus
327 2203 424 2258 (sic)
443 2203 500 2246 Β.
595 2201 791 2245 obficere
830 2200 916 2244 VB
934 2200 1089 2256 (Gel.):
1123 2199 1314 2244 suficere
1337 2215 1374 2267 r.
1483 2204 1509 2243 3
1542 2206 1635 2267 qua
1660 2199 1884 2256 aequeB.
1937 2190 1950 2261 ᾖ

192 2264 218 2304 5
243 2259 294 2304 111
317 2260 467 2304 initiis
488 2261 600 2316 Gelq
625 2259 828 2303 inimicis
848 2260 894 2303 b·
919 2258 988 2318 in}
1002 2258 1140 2318 sssssiis
1159 2260 1212 2315 V,
1230 2258 1385 2303 iniciis
1403 2258 1630 2315 Β,11111·,11’1
1653 2274 1690 2304 r.
1762 2272 1884 2303 eom-
1933 2276 1937 2307 ς

190 2319 452 2364 motionum
475 2322 535 2364 rb
557 2297 675 2365 G’eh
710 2317 1053 2385 cogitationum
1092 2319 1192 2363 VB.
1346 2325 1371 2363 6
1405 2317 1754 2363 ammonitionis
1787 2319 1938 2375 (sic)
1932 2350 1940 2356 ψ

199 2380 322 2424 VBb
349 2380 488 2436 (adm.
526 2379 661 2436 Gel.):
696 2376 1019 2423 commotionis
1051 2393 1076 2422 r
1099 2378 1251 2435 (Neu).
1430 2382 1456 2421 8
1487 2379 1661 2422 tremor
1692 2390 1884 2434 quassa-

187 2438 300 2482 bilis
335 2440 360 2483 b
381 2439 500 2495 Get,
539 2440 695 2482 tumor
733 2436 1018 2494 quassabilis
1050 2452 1075 2482 r
1084 2473 1095 2493 ,
1134 2436 1275 2481 timor
1313 2436 1605 2493 quassauelis
1638 2437 1691 2493 V,
1730 2438 1886 2480 tumor
1933 2463 1935 2465 ·

191 2498 489 2554 quassaverit
520 2497 596 2542 vel
628 2499 685 2543 Β.
822 2501 876 2540 10
909 2495 1077 2540 debere
1117 2496 1204 2540 VB
1224 2497 1342 2542 Get:
1377 2495 1570 2540 debebit
1602 2497 1641 2553 b,
1675 2495 1815 2539 debet
1845 2510 1883 2540 r.
1928 2515 1932 2540 ι

192 2558 243 2600 at
272 2559 332 2602 rb
354 2558 471 2603 Gel.:
504 2557 594 2601 hac
634 2558 735 2602 VB.
837 2560 889 2599 12
922 2555 1020 2599 iam
1051 2557 1174 2612 (post
1206 2555 1371 2613 adiut.)
1402 2556 1508 2600 add.
1541 2570 1579 2600 r.
1705 2559 1757 2598 13
1791 2553 1886 2598 ciui
1925 2556 1931 2597 'J

189 2618 240 2660 et
268 2616 404 2673 potui
434 2632 478 2662 r:
511 2618 565 2660 ut
594 2615 730 2673 potui
767 2615 804 2658 V
828 2616 898 2671 (ut
927 2616 1038 2672 pote
1072 2615 1199 2671 Get),
1230 2614 1388 2672 potius
1419 2615 1465 2658 Β
1490 2615 1588 2671 (om.
1616 2615 1674 2671 b).
1761 2626 1883 2657 com·
1924 2652 1926 2656 ,

187 2675 426 2730 petentius
451 2676 647 2721 rVGeZ:
683 2673 869 2718 —tibus
888 2675 980 2719 bB.
1093 2677 1148 2717 14
1165 2673 1387 2730 quoniam
1417 2674 1538 2718 rVB
1557 2673 1675 2718 Gela
1709 2686 1814 2717 cum
1842 2673 1882 2717 b.

194 2738 247 2776 16
279 2734 604 2778 tantummodo
638 2736 761 2791 (rost
791 2733 967 2790 imago)
999 2734 1105 2778 add.
1140 2734 1165 2777 b
1185 2733 1281 2778 Gel.
1436 2746 1618 2789 semper
1657 2732 1744 2776 VB
1763 2731 1882 2777 Geb-
1918 2775 1925 2778 ,,

189 2791 458 2847 fiequenter
487 2795 562 2837 rb.
689 2800 740 2837 17
773 2794 991 2860 procuret
1021 2793 1081 2836 rb
1101 2792 1222 2837 Gel.:
1254 2793 1481 2859 percuret
1501 2792 1599 2836 VB.
1650 2797 1653 2799 ’
1723 2795 1781 2834 20
1806 2802 1882 2834 ca-

188 2849 288 2906 pite
313 2850 568 2895 sollicitato
593 2852 775 2898 rVGeZ.
802 2850 975 2911 (capite
1001 2850 1269 2895 sollicitudo
1288 2853 1352 2908 b):
1379 2849 1524 2908 capiti
1548 2849 1806 2894 sollicitata
1821 2848 1882 2894 B.

191 2913 247 2952 22
278 2909 680 2966 plurimisciantur
719 2912 772 2955 V.
897 2925 1002 2954 cum
1033 2924 1116 2955 om
1147 2912 1270 2956 solus
1308 2910 1360 2955 V.
