1950 3172
500 127 878 172 EUPORISTON
907 126 1334 170 FAENOMENON.
1695 122 1766 176 39

9 266 11 296 f
63 240 366 320 seommixto.
443 272 493 316 et
537 267 666 315 aeris
711 265 802 314 ssos
854 265 1002 314 tritus
1048 278 1161 312 cum
1204 261 1349 312 melle
1396 262 1547 310 fronti
1597 260 1767 311 inlitus

8 379 11 388 Α
76 342 236 392 iuvat.

0 425 1 433 ¹
239 416 282 463 si
318 415 540 479 pruritus
578 413 734 461 maior
771 411 1030 476 palpebras
1070 411 1379 474 occupaverit
1416 415 1472 458 ut
1508 411 1655 458 etiam
1689 425 1766 459 ca-

8 489 9 492 ’
90 487 236 554 pillos
281 489 525 553 amittant,
569 486 660 534 hos
707 490 900 550 oportet
946 484 1052 533 oleo
1101 483 1301 532 cedrino
1341 485 1637 549 inunguere,
1685 490 1768 532 aut

7 555 9 559 ’
93 563 327 626 aerugine
382 575 494 609 cum
547 559 780 607 afronitro
835 572 895 607 ex
941 557 1084 606 melle
1132 558 1358 606 contritis
1366 595 1381 622 ,
1434 562 1517 606 aut
1563 557 1767 606 asfodeli
1813 565 1834 598 5

93 649 211 684 suco
250 648 361 683 cum
391 647 536 697 passo
576 633 850 680 commixto,
905 647 1019 680 nam
1058 637 1107 680 et
1145 646 1344 680 amurca
1373 632 1426 679 in
1458 630 1589 695 diplo
1623 632 1767 695 angio

3 703 7 764 s
92 712 229 758 cocta
273 712 323 755 et
374 707 524 754 mixta
571 720 683 754 cum
730 704 836 754 oleo
883 710 933 754 et
985 706 1233 753 ustionem
1287 710 1426 754 curat
1472 710 1520 753 et
1567 703 1767 769 capillos

2 812 6 842 f
90 785 297 845 reparat.
374 785 423 827 et
467 779 682 827 murium
736 778 880 826 fimus
927 783 976 826 et
1029 777 1283 826 hircorum
1330 792 1513 826 cornua
1558 784 1766 843 utraque

1 848 9 904 1
90 852 345 903 combusta
384 866 495 900 cum
534 851 676 900 melle
716 851 889 900 eodem
928 850 1072 899 modo
1112 850 1340 900 adhibita.

236 927 278 974 si
322 926 543 990 pruritus
600 924 890 990 simpliciter
937 924 1053 973 solis
1101 939 1160 973 ex
1206 924 1373 973 labore
1421 924 1497 972 vel
1549 924 1766 989 pulveris
1793 935 1835 966 10

1 1049 3 1061 ‚
89 999 259 1066 fuerit,
305 1013 457 1063 aquae
504 997 688 1047 calidae
735 998 949 1046 fomenta
998 998 1246 1046 sufficient
1291 1003 1374 1046 aut
1420 1013 1643 1046 rosarum
1685 1005 1767 1047 aut

0 1111 6 1141 ἓ
74 1071 204 1121 rubi
258 1077 339 1120 aut
391 1071 538 1120 lentis
590 1072 822 1120 decoctio,
902 1077 950 1120 et
996 1086 1109 1120 rosa
1157 1073 1285 1120 sicca
1333 1086 1443 1120 cum
1491 1073 1604 1119 vino
1651 1074 1767 1120 trita

87 1146 370 1210 imponitur.
434 1150 496 1193 -et
534 1147 585 1193 in
625 1151 819 1194 noctem
859 1145 965 1193 oleo
1007 1144 1220 1209 simplici
1258 1145 1362 1194 loca
1401 1150 1676 1209 tangantur.

235 1219 496 1282 caligantes
527 1234 642 1267 vero
676 1218 843 1267 oculos
881 1218 974 1267 hoc
1012 1219 1157 1267 modo
1190 1234 1434 1284 curamuS‚
1475 1220 1517 1267 si
1548 1219 1765 1268 vulneris
1785 1216 1853 1270 38

0 1342 1 1365 Χ
87 1292 282 1356 aliquod
328 1291 426 1340 noh
474 1292 755 1341 interfuerit
799 1292 1171 1356 praeiudicium.
1248 1291 1429 1341 herbae
1473 1294 1764 1356 parietariae
1794 1304 1833 1337 15

0 1378 4 1438 ζ,
85 1380 260 1414 sucum
305 1365 537 1414 bitumini
583 1366 776 1415 iudaico
824 1368 1034 1414 contrito
1082 1367 1252 1430 aequis
1298 1366 1601 1430 ponderibus
1649 1369 1766 1415 mis-

0 1459 3 1497 r
89 1444 257 1488 centes
298 1438 465 1488 oculos
505 1440 837 1503 inunguimus
910 1445 958 1487 et
989 1439 1244 1503 perdicum
1278 1439 1342 1487 fel
1376 1439 1602 1488 similiter
1635 1440 1765 1489 facit.

209 1627 231 1666 1
265 1624 312 1666 et
341 1625 400 1667 rb
419 1623 534 1668 Gel.:
568 1637 649 1668 om.
683 1624 740 1667 B.
930 1630 1036 1680 post
1065 1624 1202 1668 melle
1238 1624 1333 1669 Gel.
1368 1626 1542 1680 (mediis
1573 1626 1765 1681 omissis)

89 1682 294 1726 transilit
332 1683 393 1726 ad
425 1696 473 1738 p.
500 1686 579 1737 41,
611 1687 667 1726 15
705 1682 1045 1738 permundavit.
1116 1697 1229 1740 quae
1267 1685 1531 1728 excideram
1570 1685 1676 1740 (uno
1715 1689 1768 1728 ut

86 1742 266 1786 videtur
296 1741 406 1791 folio
437 1743 728 1797 transposito)
763 1742 972 1799 leyuntwr
1003 1743 1131 1797 infra
1167 1744 1311 1786 medio
1347 1744 1399 1786 in
1431 1744 1578 1799 capite
1604 1742 1660 1786 de
1692 1757 1768 1787 us-

0 1819 1 1822 *
88 1798 294 1843 tionibus
320 1814 368 1855 p.
395 1803 575 1843 37—39
606 1801 671 1843 ed.
708 1800 801 1844 Get.
934 1799 1083 1844 illitus
1116 1803 1180 1845 B:
1215 1800 1345 1856 (tritu
1374 1839 1380 1846 .
1411 1838 1418 1846 .
1447 1803 1473 1857 .)
1505 1801 1695 1845 inlinit-,fi
1728 1803 1766 1857 b,

86 1857 275 1901 linitum
304 1873 342 1912 r,
374 1856 563 1901 inlitum
598 1857 692 1902 Get.
814 1863 841 1901 4
864 1858 948 1903 hos
979 1861 1037 1904 rb
1059 1861 1176 1905 ffel:
1208 1860 1293 1903 has
1318 1860 1375 1904 B.
1500 1874 1556 1903 ex
1579 1861 1681 1904 oleo
1707 1861 1765 1905 B.

87 1929 292 1973 unguere
323 1917 381 1960 B.
534 1920 559 1959 5
592 1915 815 1961 afronitro
848 1919 894 1963 b:
927 1918 1069 1962 —tris
1101 1919 1179 1963 rB
1198 1920 1291 1963 θεῖ.
1415 1921 1462 1963 et
1492 1919 1629 1963 melle
1663 1933 1768 1963 con·

86 1974 212 2019 tritis
235 1977 371 2020 rbB:
406 1977 453 2018 et
475 1975 612 2019 melle
637 1975 837 2020 contrita
857 1977 951 2021 Gel.
1031 1977 1238 2021 asfodilli
1255 1979 1379 2022 Bbr.
1474 1982 1499 2020 6
1518 1992 1714 2036 amurga
1729 1994 1767 2033 r,

0 2064 4 2078 ³
88 2046 278 2077 amurca
310 2036 335 2078 b
368 2033 563 2090 (ἀμόργη
603 2049 668 2092 9r.
703 2050 751 2091 p.
778 2038 903 2092 348):
943 2050 1102 2080 murca
1140 2039 1198 2081 B.
1351 2036 1591 2095 diplangio
1634 2053 1659 2082 r
1671 2039 1766 2082 Gel.

2 2133 5 2136 .
90 2094 414 2151 (ὃιπλαγγείῳῖ
454 2094 510 2147 cf.
545 2098 593 2147 2,
625 2096 749 2150 101),
792 2093 1041 2152 deplangio
1073 2096 1152 2139 Bb
1186 2098 1258 2152 (cf.
1308 2095 1357 2139 ἐν
1397 2100 1549 2155 χαλκῷ
1589 2094 1768 2155 κυπρίῳ

90 2151 244 2196 Diosc.
270 2155 314 2205 1,
339 2153 456 2208 140).
483 2153 647 2196 addidi
668 2151 730 2195 in.
854 2159 877 2197 7
911 2156 958 2197 et
987 2154 1215 2198 ustionem
1244 2156 1378 2199 Bbr:
1411 2155 1643 2199 ustionem
1671 2156 1766 2200 θεῖ.

0 2211 3 2246 ἰ
90 2211 138 2252 et
167 2209 362 2266 capillos
393 2212 582 2266 reparat
614 2212 744 2255 Bbr:
778 2225 859 2256 om.
894 2213 987 2257 Gel.
1151 2218 1176 2256 8
1207 2213 1408 2257 murium
1440 2215 1573 2259 Bbr:
1609 2229 1769 2257 —rum

0 2283 1 2306 1
93 2268 188 2312 Gel.
370 2274 395 2312 9
428 2271 476 2312 et
506 2269 668 2313 eodem
698 2270 835 2314 modo
867 2270 1082 2315 adhibita
1113 2274 1177 2328 B,
1210 2272 1425 2316 adhibito
1457 2272 1582 2316 idem
1613 2273 1693 2316 fac
1722 2274 1767 2329 b,

0 2338 1 2363 1
89 2326 255 2370 eodem
286 2326 423 2370 modo
455 2327 735 2372 adhibentur
766 2329 976 2385 (—betur
1006 2331 1046 2387 r)
1077 2346 1102 2375 r
1121 2331 1214 2376 θεῖ.
1413 2336 1468 2374 10
1501 2346 1535 2375 s,
1569 2332 1680 2375 solis
1714 2346 1770 2375 ex

0 2395 1 2428 Q
89 2383 250 2429 labore
288 2385 364 2429 vel
401 2385 605 2442 pulveris
642 2387 758 2443 Get,
799 2402 832 2432 s.
867 2388 977 2432 solis
1008 2389 1083 2433 vel
1120 2389 1325 2446 pulveris
1357 2391 1460 2435 rB:
1502 2390 1612 2434 solis
1646 2405 1679 2434 s.
1714 2404 1769 2434 ex

90 2442 251 2488 albore
304 2443 380 2488 vel
432 2443 622 2501 pulvere
655 2446 679 2489 b
718 2447 790 2502 (cf.
830 2462 895 2505 qr.
946 2447 1025 2491 διὰ
1079 2450 1159 2492 τὸν
1213 2447 1345 2505 ’ἥλιον
1391 2448 1471 2491 καὶ
1525 2449 1768 2506 κονιορτόν

81 2516 131 2559 p.
157 2505 276 2558 340).
461 2509 511 2547 11
545 2503 752 2548 fomenta
784 2506 1015 2550 sufficient
1044 2508 1089 2550 B
1107 2508 1202 2552 Gel.
1237 2508 1361 2563 (-—-et
1390 2510 1451 2564 r):
1492 2507 1769 2552 fomentatio

0 2583 2 2608 ε
88 2560 293 2604 sufficiat
324 2563 361 2605 b.
481 2568 531 2605 12
566 2562 691 2606 rubi:
722 2578 788 2621 qr.
816 2564 970 2623 βάτου.
1078 2566 1288 2610 decoctio
1312 2566 1414 2610 Bb:
1449 2566 1770 2610 decoctionum

0 2616 5 2687 ᾗ
89 2620 203 2676 Gel„
234 2634 400 2688 -ssnem
416 2636 451 2665 r.
546 2622 593 2664 et
616 2622 754 2689 Bbrg
777 2624 859 2665 aut
886 2624 980 2668 Gel.
1074 2630 1127 2668 13
1153 2626 1338 2668 noctem
1366 2624 1481 2670 ὕεια
1513 2652 1553 2656 --
1568 2627 1615 2669 te
1640 2626 1766 2671 Bbr.

89 2682 144 2722 14
191 2678 451 2737 cahgantes
499 2681 564 2724 B:
614 2680 923 2737 caliginantes
970 2684 995 2727 b
1017 2684 1110 2728 Gel.
1157 2684 1235 2739 (ad
1282 2683 1550 2740 ἀμαύρωσιν
1596 2686 1652 2738 cf.
1700 2700 1765 2743 qr.

0 2741 2 2750 '
80 2750 129 2794 p.
156 2740 274 2795 349).
336 2739 411 2782 hic
439 2753 674 2783 numerum
706 2754 803 2795 cap.
831 2739 944 2784 XII
966 2742 1100 2786 habet
1129 2757 1165 2786 r.
1306 2748 1359 2787 15
1392 2741 1584 2799 aliquod
1615 2744 1768 2800 (—qd'

87 2797 128 2852 b,
163 2795 334 2852 —quid
356 2798 472 2854 rB):
505 2798 631 2853 quod
657 2798 751 2843 Gel.
843 2799 1065 2860 paritarie
1097 2802 1224 2846 rbB.
1320 2806 1373 2845 16
1405 2802 1605 2846 contrito
1629 2803 1766 2847 rGel.

87 2856 215 2911 (——t1'1
242 2857 305 2912 b):
336 2854 448 2899 trito
472 2856 530 2901 B.
629 2857 877 2902 miscentes
900 2874 926 2903 r
946 2859 1062 2904 Geb:
1089 2859 1340 2905 commixti]
1364 2862 1405 2916 b,
1436 2861 1684 2905 miscemus
1710 2863 1766 2906 B.

42 2971 46 2975 ῃ
87 2917 140 2957 17
174 2910 510 2973 inung(u>imus
541 2917 601 2960 rb
623 2917 741 2961 G-el.:
776 2916 1085 2975 inunguentes
1110 2920 1167 2963 B.
1258 2919 1375 2964 facit
1390 2922 1488 2966 Br:
1515 2933 1598 2966 om.
1626 2922 1650 2965 b
1671 2921 1767 2966 θεῖ.
