1950 3172
848 126 1122 171 mamus
1713 127 1820 180 211
1858 119 1862 121 ’

139 259 322 311 borum
360 261 639 312 drachmam
666 262 713 329 1,
758 268 898 312 rutae
945 261 1217 312 seminibus
1265 261 1521 314 drachmas
1560 263 1713 314 duas·
1771 266 1824 314 in

145 334 389 384 oenomeli
427 335 656 385 similiter
694 336 851 386 datur.

290 409 482 458 interea
518 409 640 459 haec
679 411 841 459 omnia
887 408 1161 458 adhibenda
1209 415 1353 459 erunt
1389 410 1822 475 perseverantibus

144 483 395 531 exercitiis
428 487 477 531 et
506 481 757 532 laboribus
790 482 1025 532 catholice
1059 482 1265 532 salutem
1295 483 1691 551 procurantibUS‚
1731 484 1822 534 sub

145 570 354 620 quorum
398 557 764 620 perseverantia
800 555 1074 621 hydropum
1120 558 1304 621 poterit
1348 558 1493 606 vitari
1529 557 1819 622 periculum.
1866 570 1888 604 5

381 685 591 736 XXXIII.
645 686 721 736 De
760 702 965 736 renum
1003 689 1177 736 vitiis
1217 687 1308 736 vel
1347 690 1599 738 vesicae.

287 773 507 823 Renibus
554 773 697 838 longo
743 779 965 838 tempore
1013 774 1292 823 dolentibus
1347 790 1543 840 semper
1587 779 1782 841 vaporis
1803 776 1907 829 109

142 847 357 896 fomenta
395 853 444 896 ct
482 846 826 911 cataplasmata
855 849 1142 911 paregorica
1174 855 1522 898 convenerunt.
1582 850 1823 901 diuretica

139 934 256 969 vero
300 925 418 969 tunc
462 920 899 984 praetermittenda
945 927 1104 970 erunt.
1182 921 1553 985 indignantibus
1601 926 1734 972 enim
1773 930 1822 973 et

139 992 575 1042 reumatizantibus
613 993 818 1042 renibus
856 995 1113 1058 potionum
1149 996 1389 1043 transitus
1430 995 1727 1046 adversatur.
1846 1011 1888 1043 ιο

287 1065 647 1115 declinantibus
693 1082 809 1115 sane
858 1066 1108 1116 doloribus
1154 1067 1409 1116 beneficiis
1454 1070 1615 1132 primo
1657 1070 1820 1118 catho-

140 1139 250 1188 licis
289 1139 549 1188 adiuvandi
588 1145 718 1206 sunt,
756 1139 1101 1189 fricationibus
1141 1146 1189 1189 et
1219 1143 1485 1205 unguentis
1517 1145 1820 1206 paregoricis

141 1219 189 1262 et
229 1212 542 1262 siccantibus,
617 1213 694 1261 his
735 1215 882 1262 etiam
921 1214 1134 1278 cyclicus
1174 1214 1294 1262 ordo
1339 1216 1706 1279 percurrendus
1747 1223 1822 1265 est

140 1286 511 1335 adiutoriorum.
574 1286 894 1350 emplastrum
937 1287 1254 1351 polyarchion
1293 1294 1376 1336 aut
1416 1288 1493 1336 dia
1541 1295 1821 1353 spermaton

142 1374 287 1424 saepe
327 1361 569 1407 convenit.
644 1365 761 1408 tunc
801 1359 1091 1410 calaminthe
1138 1366 1283 1409 tunsa
1330 1376 1441 1410 cum
1482 1364 1691 1426 axungia
1729 1365 1820 1411 im·
1846 1374 1887 1407 15

261 1507 280 1543 1
311 1499 517 1556 dragma.
535 1499 568 1543 Ι.
601 1501 735 1543 rutae
759 1499 901 1544 semei
927 1500 1144 1558 dragmas
1170 1501 1285 1544 duas
1310 1501 1363 1546 V:
1397 1502 1603 1558 dragma.
1629 1502 1661 1547 Ι.
1687 1504 1820 1547 rutae

139 1571 295 1602 semen
327 1560 441 1615 (sem
463 1560 503 1614 r)
536 1558 740 1614 dragmis
774 1559 954 1603 duabus
978 1560 1024 1603 Β
1057 1564 1102 1614 (5
1124 1560 1158 1604 Ι.
1196 1559 1380 1616 Piganfi
1404 1566 1431 1609 3
1454 1560 1531 1605 ΙΠ.
1556 1561 1614 1617 9).
1641 1566 1670 1610 5
1701 1563 1817 1619 siqu.

136 1618 302 1662 habent
331 1619 403 1663 rb.
542 1621 567 1659 2
599 1616 648 1659 in
679 1617 908 1661 oenomeli
942 1619 1053 1674 ὕει,
1084 1616 1135 1660 in
1164 1617 1436 1673 ymnomelli
1465 1634 1502 1674 r,
1535 1618 1586 1662 in
1617 1617 1708 1663 oiei
1741 1619 1818 1674 (si-

137 1675 393 1732 militer...)
412 1675 456 1720 V
468 1674 534 1732 (in
551 1675 768 1719 enomelli
783 1678 849 1734 9):
875 1675 924 1719 in
940 1676 1155 1720 oximelle
1171 1677 1216 1719 Β
1226 1678 1250 1720 b
1261 1677 1423 1733 (Gar).
1540 1677 1676 1721 datur
1704 1678 1797 1727 VB
1807 1698 1817 1723 :

146 1735 257 1779 VB:
299 1734 462 1778 datum
491 1735 552 1778 rb
572 1735 683 1779 Gar.
725 1734 919 1791 (dantur
959 1735 1085 1791 Get).
1133 1741 1384 1791 sequuntur
1416 1737 1519 1791 (per
1555 1750 1709 1781 versus
1740 1739 1817 1792 30)

137 1795 329 1839 alterius
368 1794 567 1837 auctoris
603 1794 676 1838 hic
706 1795 758 1838 in
789 1795 814 1838 b
851 1795 1049 1838 remedia
1088 1793 1352 1838 Cucumeris
1393 1793 1601 1838 silvatici
1626 1830 1634 1839 .
1663 1831 1671 1840 .
1699 1830 1708 1839 .
1743 1797 1817 1851 (cf.

137 1852 268 1896 Ptin.
301 1853 398 1896 iun.
431 1852 541 1896 med.
562 1854 602 1907 3,
619 1854 711 1908 22).
835 1856 860 1895 3
891 1851 1071 1896 interea
1094 1852 1160 1910 Vy
1179 1853 1298 1898 Get:
1331 1852 1454 1896 inter
1483 1853 1566 1897 rB.
1679 1857 1704 1895 5
1736 1867 1817 1909 po-

136 1909 249 1954 terit
293 1909 436 1954 vitari
465 1925 510 1967 p.
546 1910 641 1955 Gel.
682 1916 723 1955 et
753 1911 857 1966 (ubi
894 1910 1068 1968 vitare)
1106 1926 1149 1956 r:
1198 1911 1422 1968 poteritui
1459 1927 1503 1967 p.
1547 1912 1601 1967 V,
1644 1912 1819 1968 poterit

139 1968 270 2026 abigi
300 1969 346 2013 B
370 1968 587 2026 (pterruit
616 1968 713 2027 vite²
745 1985 788 2026 p.
813 1971 871 2027 9).
1025 1974 1050 2013 6
1073 1971 1211 2014 huius
1240 1984 1337 2026 cap.
1364 1970 1476 2026 (XX.
1508 1984 1590 2015 sec.
1622 1971 1710 2027 rB)
1742 1985 1817 2015 ex-

135 2029 316 2072 hibetur
331 2029 493 2072 titulus
516 2029 567 2071 in
590 2029 740 2072 indice
756 2042 884 2085 capp.
903 2029 996 2072 cod.
1017 2029 1042 2071 b
1070 2043 1116 2083 p.
1135 2033 1212 2083 89,
1234 2034 1383 2073 teoetus
1406 2034 1555 2074 tamen
1578 2031 1816 2074 omittitur.

139 2093 162 2131 7
187 2086 375 2142 vaporis
400 2087 481 2142 (sic
503 2087 667 2143 rVBy
686 2087 813 2142 Gar„
839 2100 968 2130 -res
988 2087 1102 2143 θεῖ.)
1132 2086 1340 2130 fomenta
1363 2088 1395 2132 i.
1420 2102 1454 2132 e.
1486 2087 1816 2143 vaporationes

136 2146 211 2201 (cf.
249 2145 364 2189 Cael.
398 2145 490 2189 chr.
516 2148 566 2200 5,
599 2149 657 2190 73
680 2146 778 2203 sq).
987 2151 1013 2190 8
1054 2147 1366 2189 convenerunt
1394 2146 1525 2190 rVB
1543 2147 1662 2192 Gela
1711 2160 1817 2190 con-

136 2203 332 2248 veniunt
361 2217 390 2260 9
407 2203 566 2259 (Gar.).
689 2207 714 2245 9
745 2203 1163 2259 praetermittenda
1194 2205 1329 2247 erunt
1368 2205 1443 2262 Vq
1462 2205 1596 2260 G-ar„
1627 2205 1817 2261 permit-

137 2261 283 2306 tenda
315 2263 449 2304 erunt
477 2276 522 2307 r:
553 2263 708 2318 preter
734 2266 740 2316 Ι
767 2261 910 2306 inicia
939 2262 1239 2308 tetenderunt
1268 2263 1326 2306 Β.
1510 2268 1565 2307 10
1596 2262 1817 2306 reumati-

139 2319 378 2364 diantibus
401 2320 604 2376 V(Gez.)‚
630 2319 900 2364 -zantibus
924 2322 1045 2379 qu.
1126 2320 1390 2377 potionum:
1422 2320 1755 2381 hepotionibus
1780 2336 1815 2365 r.

140 2391 321 2436 semper
344 2380 464 2434 (ante
493 2378 737 2436 transitus)
768 2380 873 2424 add.
904 2380 999 2424 θεῖ.
1102 2380 1377 2423 adversatur
1406 2380 1653 2437 r9(Gar.):
1688 2393 1816 2424 aver-

139 2439 269 2481 satur
308 2437 413 2482 VB.
570 2442 619 2481 12
651 2437 915 2494 flebotomo,
949 2449 1090 2493 quam
1119 2437 1320 2481 maxime
1354 2439 1475 2493 (ante
1506 2437 1678 2494 fricat.)
1709 2439 1816 2483 add.

141 2497 259 2551 Get,
293 2510 375 2540 om.
414 2495 722 2553 rVByGar.:
770 2498 825 2551 cf.
870 2497 985 2542 Cael.
1025 2498 1115 2541 chr.
1142 2502 1193 2551 5,
1223 2500 1295 2541 73.
1342 2496 1492 2541 Escol.
1527 2511 1576 2552 p.
1604 2501 1675 2541 64.

140 2559 196 2599 13
221 2553 424 2610 cyclicus
442 2553 616 2610 (cyclus
638 2569 680 2613 9,
705 2554 847 2599 ciclus
871 2557 912 2612 r)
937 2555 1049 2599 ordo
1065 2555 1244 2612 rVBy:
1278 2553 1522 2598 dialimma
1545 2556 1593 2598 et
1617 2554 1818 2611 cyclicus

139 2613 251 2658 ordo
287 2613 382 2658 Gez.
414 2614 486 2669 (cf.
525 2612 640 2658 Cael.
668 2615 758 2659 chr.
786 2617 835 2670 5,
867 2618 926 2659 76
972 2612 1258 2657 adiectiones
1299 2613 1500 2669 cyclicae
1540 2627 1595 2657 ac
1635 2613 1818 2657 detrac-

137 2671 320 2728 tiones).
440 2672 754 2727 percurandus
785 2687 822 2718 r.
924 2677 981 2715 14
1013 2672 1348 2717 adiutoriorum
1382 2673 1499 2718 ffel:
1534 2671 1820 2716 adiutorium

146 2729 238 2774 VB
254 2729 412 2786 (——riis
442 2744 485 2787 9,
519 2730 671 2774 —rius
702 2746 740 2787 r,
772 2746 855 2776 om.
891 2732 1035 2788 Gar).
1178 2730 1433 2788 emplastra
1462 2731 1664 2787 rVGeZ.,
1698 2730 1819 2774 —tri

139 2789 214 2844 (sc.
248 2787 550 2845 adiutorium)
565 2790 622 2835 Β.
746 2794 799 2834 15
833 2790 1107 2836 convenient
1136 2805 1161 2835 r
1184 2789 1331 2846 (-nit
1354 2790 1448 2835 VB
1466 2790 1594 2844 ffel).
1685 2791 1818 2834 tunc:

139 2859 244 2889 cum
276 2847 381 2902 VB,
413 2849 496 2890 aut
529 2848 624 2894 θεῖ.
651 2850 749 2905 (om.
782 2852 872 2907 yr).
996 2848 1118 2906 cal(b
1144 2848 1434 2906 V)amite(——
1446 2862 1502 2893 ae
1526 2849 1578 2904 V,
1613 2862 1743 2892 -em
1773 2849 1820 2907 9)

148 2905 288 2963 VBy,
322 2905 585 2950 calamenta
614 2922 651 2952 r.

1407 2953 1413 2959 η
1465 2981 1549 3024 14*
