<?xml version="1.0" encoding="UTF-8"?>
<!DOCTYPE html PUBLIC "-//W3C//DTD XHTML 1.0 Transitional//EN"
    "http://www.w3.org/TR/xhtml1/DTD/xhtml1-transitional.dtd">
<html xmlns="http://www.w3.org/1999/xhtml" xml:lang="en" lang="en">
 <head>
  <title>
</title>
<meta http-equiv="Content-Type" content="text/html;charset=utf-8" />
  <meta name='ocr-system' content='tesseract 3.04.00' />
  <meta name='ocr-capabilities' content='ocr_page ocr_carea ocr_par ocr_line ocrx_word'/>
</head>
<body>
  <div class='ocr_page' id='page_1' title='image "./theoeuporislibr00prisuoft_0379.png"; bbox 0 0 1988 3184; ppageno 0'>
   <div class='ocr_carea' id='block_1_1' title="bbox 727 137 1790 191">
    <p class='ocr_par' dir='ltr' id='par_1_1' title="bbox 727 137 1790 191">
     <span class='ocr_line' id='line_1_1' title="bbox 727 137 1790 191; baseline 0.01 -11"><span class='ocrx_word' id='word_1_1' title='bbox 727 138 1173 184; x_wconf 80' lang='lat' dir='ltr'><em>ADDITAMENTA.</em></span> <span class='ocrx_word' id='word_1_2' title='bbox 1507 143 1510 145; x_wconf 83' lang='grc'><em>·</em></span> <span class='ocrx_word' id='word_1_3' title='bbox 1683 137 1790 191; x_wconf 84' lang='grc'>347</span> 
     </span>
    </p>
   </div>
   <div class='ocr_carea' id='block_1_2' title="bbox 0 0 404 308">
    <p class='ocr_par' dir='ltr' id='par_1_2' title="bbox 0 0 404 308">
     <span class='ocr_line' id='line_1_2' title="bbox 0 0 404 308; baseline 0 0"><span class='ocrx_word' id='word_1_4' title='bbox 0 0 404 308; x_wconf 95' lang='lat' dir='ltr'>  </span> 
     </span>
    </p>
   </div>
   <div class='ocr_carea' id='block_1_3' title="bbox 7 257 1792 392">
    <p class='ocr_par' dir='ltr' id='par_1_3' title="bbox 7 257 1792 394">
     <span class='ocr_line' id='line_1_3' title="bbox 8 257 1792 328; baseline 0.001 -14"><span class='ocrx_word' id='word_1_5' title='bbox 8 257 40 303; x_wconf 57' lang='lat'><em>3</em></span> <span class='ocrx_word' id='word_1_6' title='bbox 105 269 258 319; x_wconf 83' lang='lat' dir='ltr'>lutum</span> <span class='ocrx_word' id='word_1_7' title='bbox 289 269 416 326; x_wconf 86' lang='lat' dir='ltr'>cyati</span> <span class='ocrx_word' id='word_1_8' title='bbox 452 283 670 314; x_wconf 88' lang='lat' dir='ltr'>mensura</span> <span class='ocrx_word' id='word_1_9' title='bbox 700 270 835 328; x_wconf 91' lang='lat' dir='ltr'>potui</span> <span class='ocrx_word' id='word_1_10' title='bbox 875 271 1009 328; x_wconf 89' lang='lat' dir='ltr'>dato,</span> <span class='ocrx_word' id='word_1_11' title='bbox 1049 272 1149 314; x_wconf 90' lang='lat' dir='ltr'>tam</span> <span class='ocrx_word' id='word_1_12' title='bbox 1187 269 1374 315; x_wconf 90' lang='lat' dir='ltr'>mulieri</span> <span class='ocrx_word' id='word_1_13' title='bbox 1406 285 1547 327; x_wconf 90' lang='lat' dir='ltr'>quam</span> <span class='ocrx_word' id='word_1_14' title='bbox 1576 270 1699 328; x_wconf 92' lang='lat' dir='ltr'>viro,</span> <span class='ocrx_word' id='word_1_15' title='bbox 1745 272 1792 316; x_wconf 87' lang='lat' dir='ltr'>et</span> 
     </span>
     <span class='ocr_line' id='line_1_4' title="bbox 7 336 597 392; baseline 0.002 -12"><span class='ocrx_word' id='word_1_16' title='bbox 7 338 39 370; x_wconf 53' lang='lat' dir='ltr'>&#39;ss</span> <span class='ocrx_word' id='word_1_17' title='bbox 104 337 290 392; x_wconf 89' lang='lat' dir='ltr'>utrique</span> <span class='ocrx_word' id='word_1_18' title='bbox 322 336 597 381; x_wconf 88' lang='lat' dir='ltr'>concubent.</span> 
     </span>
    </p>
   </div>
   <div class='ocr_carea' id='block_1_4' title="bbox 0 308 56 357">
    <p class='ocr_par' dir='ltr' id='par_1_4' title="bbox 0 308 56 357">
     <span class='ocr_line' id='line_1_5' title="bbox 0 308 56 357; baseline 0 2827"><span class='ocrx_word' id='word_1_19' title='bbox 0 308 56 357; x_wconf 95' lang='lat' dir='ltr'> </span> 
     </span>
    </p>
   </div>
   <div class='ocr_carea' id='block_1_5' title="bbox 28 401 1792 526">
    <p class='ocr_par' dir='ltr' id='par_1_5' title="bbox 20 401 1792 526">
     <span class='ocr_line' id='line_1_6' title="bbox 28 401 1792 460; baseline 0.001 -14"><span class='ocrx_word' id='word_1_20' title='bbox 28 450 30 453; x_wconf 63' lang='grc'>,</span> <span class='ocrx_word' id='word_1_21' title='bbox 217 402 290 446; x_wconf 91' lang='lat' dir='ltr'>Ut</span> <span class='ocrx_word' id='word_1_22' title='bbox 322 401 473 446; x_wconf 89' lang='lat' dir='ltr'>scias</span> <span class='ocrx_word' id='word_1_23' title='bbox 507 402 554 446; x_wconf 92' lang='lat' dir='ltr'>si</span> <span class='ocrx_word' id='word_1_24' title='bbox 585 402 790 447; x_wconf 92' lang='lat' dir='ltr'>mulier</span> <span class='ocrx_word' id='word_1_25' title='bbox 820 403 1123 460; x_wconf 82' lang='lat' dir='ltr'>concipere</span> <span class='ocrx_word' id='word_1_26' title='bbox 1160 417 1229 460; x_wconf 95' lang='lat' dir='ltr'>po</span> <span class='ocrx_word' id='word_1_27' title='bbox 1242 403 1368 460; x_wconf 88' lang='lat' dir='ltr'>ssit,</span> <span class='ocrx_word' id='word_1_28' title='bbox 1411 418 1549 460; x_wconf 89' lang='lat' dir='ltr'>super</span> <span class='ocrx_word' id='word_1_29' title='bbox 1585 403 1792 447; x_wconf 90' lang='lat' dir='ltr'>malvam</span> 
     </span>
     <span class='ocr_line' id='line_1_7' title="bbox 31 467 1789 526; baseline 0.001 -14.988"><span class='ocrx_word' id='word_1_30' title='bbox 31 479 42 517; x_wconf 55' lang='grc' dir='ltr'>ξς</span> <span class='ocrx_word' id='word_1_31' title='bbox 106 467 373 512; x_wconf 70' lang='lat' dir='ltr'><strong>silvaticam</strong></span> <span class='ocrx_word' id='word_1_32' title='bbox 393 468 541 512; x_wconf 88' lang='lat' dir='ltr'>faciat</span> <span class='ocrx_word' id='word_1_33' title='bbox 563 468 761 526; x_wconf 87' lang='lat' dir='ltr'>urinam,</span> <span class='ocrx_word' id='word_1_34' title='bbox 795 471 843 514; x_wconf 90' lang='lat' dir='ltr'>et</span> <span class='ocrx_word' id='word_1_35' title='bbox 875 469 915 514; x_wconf 91' lang='lat' dir='ltr'>si</span> <span class='ocrx_word' id='word_1_36' title='bbox 938 469 1062 514; x_wconf 88' lang='lat' dir='ltr'>infra</span> <span class='ocrx_word' id='word_1_37' title='bbox 1085 469 1295 514; x_wconf 89' lang='lat' dir='ltr'>triduum</span> <span class='ocrx_word' id='word_1_38' title='bbox 1320 469 1454 514; x_wconf 89' lang='lat' dir='ltr'>arida</span> <span class='ocrx_word' id='word_1_39' title='bbox 1477 470 1605 515; x_wconf 88' lang='lat' dir='ltr'>facta</span> <span class='ocrx_word' id='word_1_40' title='bbox 1634 469 1789 526; x_wconf 84' lang='lat' dir='ltr'>fuerit,</span> 
     </span>
    </p>
   </div>
   <div class='ocr_carea' id='block_1_6' title="bbox 17 533 1858 594">
    <p class='ocr_par' dir='ltr' id='par_1_6' title="bbox 17 533 1858 598">
     <span class='ocr_line' id='line_1_8' title="bbox 17 533 1858 594; baseline 0.002 -16"><span class='ocrx_word' id='word_1_41' title='bbox 17 543 25 590; x_wconf 79' lang='grc' dir='ltr'>Ιζ</span> <span class='ocrx_word' id='word_1_42' title='bbox 105 533 225 578; x_wconf 86' lang='lat' dir='ltr'>scias</span> <span class='ocrx_word' id='word_1_43' title='bbox 251 548 356 578; x_wconf 91' lang='lat' dir='ltr'>eam</span> <span class='ocrx_word' id='word_1_44' title='bbox 371 548 466 578; x_wconf 92' lang='lat' dir='ltr'>non</span> <span class='ocrx_word' id='word_1_45' title='bbox 481 548 618 592; x_wconf 87' lang='lat' dir='ltr'>posse</span> <span class='ocrx_word' id='word_1_46' title='bbox 637 534 894 592; x_wconf 82' lang='lat' dir='ltr'>concipere,</span> <span class='ocrx_word' id='word_1_47' title='bbox 913 536 952 580; x_wconf 89' lang='lat' dir='ltr'>si</span> <span class='ocrx_word' id='word_1_48' title='bbox 969 536 1135 581; x_wconf 85' lang='lat' dir='ltr'>viridis</span> <span class='ocrx_word' id='word_1_49' title='bbox 1152 535 1307 592; x_wconf 89' lang='lat' dir='ltr'>fuerit,</span> <span class='ocrx_word' id='word_1_50' title='bbox 1335 536 1521 580; x_wconf 92' lang='lat' dir='ltr'>omnino</span> <span class='ocrx_word' id='word_1_51' title='bbox 1543 536 1788 594; x_wconf 74' lang='lat' dir='ltr'>concipiet.</span> <span class='ocrx_word' id='word_1_52' title='bbox 1837 552 1858 585; x_wconf 85' lang='lat'>5</span> 
     </span>
    </p>
   </div>
   <div class='ocr_carea' id='block_1_7' title="bbox 0 357 56 729">
    <p class='ocr_par' dir='ltr' id='par_1_7' title="bbox 0 357 56 729">
     <span class='ocr_line' id='line_1_9' title="bbox 0 357 56 729; baseline 0 2455"><span class='ocrx_word' id='word_1_53' title='bbox 0 357 56 729; x_wconf 95' lang='lat' dir='ltr'> </span> 
     </span>
    </p>
   </div>
   <div class='ocr_carea' id='block_1_8' title="bbox 223 600 1791 661">
    <p class='ocr_par' dir='ltr' id='par_1_8' title="bbox 223 600 1791 661">
     <span class='ocr_line' id='line_1_10' title="bbox 223 600 1791 661; baseline 0 -16"><span class='ocrx_word' id='word_1_54' title='bbox 223 600 280 646; x_wconf 84' lang='lat' dir='ltr'>Si</span> <span class='ocrx_word' id='word_1_55' title='bbox 308 601 439 656; x_wconf 90' lang='lat' dir='ltr'>quis</span> <span class='ocrx_word' id='word_1_56' title='bbox 474 603 544 645; x_wconf 90' lang='lat' dir='ltr'>ad</span> <span class='ocrx_word' id='word_1_57' title='bbox 574 601 869 646; x_wconf 91' lang='lat' dir='ltr'>mulierem</span> <span class='ocrx_word' id='word_1_58' title='bbox 899 616 1009 646; x_wconf 90' lang='lat' dir='ltr'>non</span> <span class='ocrx_word' id='word_1_59' title='bbox 1039 600 1267 661; x_wconf 86' lang='lat' dir='ltr'>poterit</span> <span class='ocrx_word' id='word_1_60' title='bbox 1297 602 1655 658; x_wconf 89' lang='lat' dir='ltr'>praevalere,</span> <span class='ocrx_word' id='word_1_61' title='bbox 1689 602 1791 646; x_wconf 92' lang='lat' dir='ltr'>her-</span> 
     </span>
    </p>
   </div>
   <div class='ocr_carea' id='block_1_9' title="bbox 0 649 1791 856">
    <p class='ocr_par' dir='ltr' id='par_1_9' title="bbox 0 638 1791 856">
     <span class='ocr_line' id='line_1_11' title="bbox 0 649 1791 724; baseline 0.001 -14"><span class='ocrx_word' id='word_1_62' title='bbox 0 649 19 700; x_wconf 49' lang='lat'>³³</span> <span class='ocrx_word' id='word_1_63' title='bbox 101 667 191 711; x_wconf 89' lang='lat' dir='ltr'>bae</span> <span class='ocrx_word' id='word_1_64' title='bbox 216 666 442 724; x_wconf 90' lang='lat' dir='ltr'>priapisci</span> <span class='ocrx_word' id='word_1_65' title='bbox 465 667 638 711; x_wconf 83' lang='lat' dir='ltr'>radicis</span> <span class='ocrx_word' id='word_1_66' title='bbox 670 667 943 712; x_wconf 88' lang='lat' dir='ltr'>testiculum</span> <span class='ocrx_word' id='word_1_67' title='bbox 967 668 1182 712; x_wconf 87' lang='lat' dir='ltr'>dextrum</span> <span class='ocrx_word' id='word_1_68' title='bbox 1213 667 1293 723; x_wconf 91' lang='lat' dir='ltr'>qui</span> <span class='ocrx_word' id='word_1_69' title='bbox 1319 667 1470 712; x_wconf 89' lang='lat' dir='ltr'>maior</span> <span class='ocrx_word' id='word_1_70' title='bbox 1493 670 1565 712; x_wconf 89' lang='lat' dir='ltr'>est</span> <span class='ocrx_word' id='word_1_71' title='bbox 1589 670 1710 712; x_wconf 87' lang='lat' dir='ltr'>teres</span> <span class='ocrx_word' id='word_1_72' title='bbox 1744 669 1791 712; x_wconf 93' lang='lat' dir='ltr'>et</span> 
     </span>
     <span class='ocr_line' id='line_1_12' title="bbox 0 725 1789 791; baseline 0.002 -17"><span class='ocrx_word' id='word_1_73' title='bbox 0 725 17 782; x_wconf 58' lang='grc' dir='ltr'>ῗὲ]</span> <span class='ocrx_word' id='word_1_74' title='bbox 100 733 276 790; x_wconf 83' lang='lat' dir='ltr'>piperis</span> <span class='ocrx_word' id='word_1_75' title='bbox 307 748 455 791; x_wconf 87' lang='lat' dir='ltr'>grana</span> <span class='ocrx_word' id='word_1_76' title='bbox 485 733 673 790; x_wconf 88' lang='lat' dir='ltr'>XLVII,</span> <span class='ocrx_word' id='word_1_77' title='bbox 713 733 868 777; x_wconf 88' lang='lat' dir='ltr'>mellis</span> <span class='ocrx_word' id='word_1_78' title='bbox 900 745 960 782; x_wconf 73' lang='grc' dir='ltr'>-ζ-</span> <span class='ocrx_word' id='word_1_79' title='bbox 981 734 1024 777; x_wconf 91' lang='grc' dir='ltr'>Π</span> <span class='ocrx_word' id='word_1_80' title='bbox 1055 733 1105 777; x_wconf 86' lang='grc'>111</span> <span class='ocrx_word' id='word_1_81' title='bbox 1143 733 1253 778; x_wconf 93' lang='lat' dir='ltr'>vino</span> <span class='ocrx_word' id='word_1_82' title='bbox 1292 734 1518 790; x_wconf 88' lang='lat' dir='ltr'>resolves,</span> <span class='ocrx_word' id='word_1_83' title='bbox 1558 736 1606 778; x_wconf 88' lang='lat' dir='ltr'>et</span> <span class='ocrx_word' id='word_1_84' title='bbox 1644 733 1789 778; x_wconf 87' lang='lat' dir='ltr'>facies</span> 
     </span>
     <span class='ocr_line' id='line_1_13' title="bbox 9 798 987 856; baseline 0.004 -16"><span class='ocrx_word' id='word_1_85' title='bbox 9 833 13 840; x_wconf 68' lang='lat'>.</span> <span class='ocrx_word' id='word_1_86' title='bbox 95 813 303 856; x_wconf 90' lang='lat' dir='ltr'>pensum.</span> <span class='ocrx_word' id='word_1_87' title='bbox 350 799 439 843; x_wconf 87' lang='grc'>1100</span> <span class='ocrx_word' id='word_1_88' title='bbox 469 812 553 856; x_wconf 93' lang='lat' dir='ltr'>per</span> <span class='ocrx_word' id='word_1_89' title='bbox 581 798 790 843; x_wconf 86' lang='lat' dir='ltr'>triduum</span> <span class='ocrx_word' id='word_1_90' title='bbox 822 802 987 844; x_wconf 90' lang='lat' dir='ltr'>sumat.</span> 
     </span>
    </p>
   </div>
   <div class='ocr_carea' id='block_1_10' title="bbox 564 883 1857 951">
    <p class='ocr_par' dir='ltr' id='par_1_10' title="bbox 564 883 1857 951">
     <span class='ocr_line' id='line_1_14' title="bbox 564 883 1857 951; baseline 0.002 -13"><span class='ocrx_word' id='word_1_91' title='bbox 564 895 618 939; x_wconf 93' lang='lat' dir='ltr'>V.</span> <span class='ocrx_word' id='word_1_92' title='bbox 652 895 728 938; x_wconf 94' lang='lat' dir='ltr'>De</span> <span class='ocrx_word' id='word_1_93' title='bbox 760 894 914 938; x_wconf 88' lang='lat' dir='ltr'>lacte</span> <span class='ocrx_word' id='word_1_94' title='bbox 944 896 1328 951; x_wconf 88' lang='lat' dir='ltr'>provocando.</span> <span class='ocrx_word' id='word_1_95' title='bbox 1813 883 1857 915; x_wconf 75' lang='lat'>²⁰</span> 
     </span>
    </p>
   </div>
   <div class='ocr_carea' id='block_1_11' title="bbox 97 958 1855 1745">
    <p class='ocr_par' dir='ltr' id='par_1_11' title="bbox 97 958 1855 1745">
     <span class='ocr_line' id='line_1_15' title="bbox 217 958 1787 1016; baseline 0.003 -14"><span class='ocrx_word' id='word_1_96' title='bbox 217 959 405 1003; x_wconf 90' lang='lat' dir='ltr'>Mulieri</span> <span class='ocrx_word' id='word_1_97' title='bbox 443 959 517 1002; x_wconf 88' lang='lat' dir='ltr'>lac</span> <span class='ocrx_word' id='word_1_98' title='bbox 559 958 624 1003; x_wconf 90' lang='lat' dir='ltr'>sic</span> <span class='ocrx_word' id='word_1_99' title='bbox 663 973 970 1016; x_wconf 81' lang='lat' dir='ltr'>provocamus</span> <span class='ocrx_word' id='word_1_100' title='bbox 1008 960 1085 1005; x_wconf 93' lang='lat' dir='ltr'>vel</span> <span class='ocrx_word' id='word_1_101' title='bbox 1121 961 1161 1004; x_wconf 92' lang='lat' dir='ltr'>si</span> <span class='ocrx_word' id='word_1_102' title='bbox 1201 976 1343 1005; x_wconf 88' lang='lat' dir='ltr'>causa</span> <span class='ocrx_word' id='word_1_103' title='bbox 1384 961 1447 1005; x_wconf 92' lang='lat' dir='ltr'>sit</span> <span class='ocrx_word' id='word_1_104' title='bbox 1486 961 1787 1006; x_wconf 87' lang='lat' dir='ltr'>exsiccamus.</span> 
     </span>
     <span class='ocr_line' id='line_1_16' title="bbox 99 1025 1789 1082; baseline 0.001 -14"><span class='ocrx_word' id='word_1_105' title='bbox 99 1025 337 1082; x_wconf 89' lang='lat' dir='ltr'>ptisanam</span> <span class='ocrx_word' id='word_1_106' title='bbox 366 1025 622 1069; x_wconf 85' lang='lat' dir='ltr'>feniculum</span> <span class='ocrx_word' id='word_1_107' title='bbox 654 1028 702 1069; x_wconf 87' lang='lat' dir='ltr'>et</span> <span class='ocrx_word' id='word_1_108' title='bbox 738 1026 961 1082; x_wconf 81' lang='lat' dir='ltr'>butyrum</span> <span class='ocrx_word' id='word_1_109' title='bbox 1001 1026 1140 1071; x_wconf 90' lang='lat' dir='ltr'>simul</span> <span class='ocrx_word' id='word_1_110' title='bbox 1180 1030 1364 1072; x_wconf 89' lang='lat' dir='ltr'>coctum</span> <span class='ocrx_word' id='word_1_111' title='bbox 1403 1027 1553 1072; x_wconf 89' lang='lat' dir='ltr'>bibat.</span> <span class='ocrx_word' id='word_1_112' title='bbox 1602 1027 1717 1071; x_wconf 89' lang='lat' dir='ltr'>item</span> <span class='ocrx_word' id='word_1_113' title='bbox 1749 1027 1789 1071; x_wconf 92' lang='lat' dir='ltr'>si</span> 
     </span>
     <span class='ocr_line' id='line_1_17' title="bbox 100 1091 1787 1149; baseline 0.001 -14"><span class='ocrx_word' id='word_1_114' title='bbox 100 1092 143 1136; x_wconf 90' lang='lat' dir='ltr'>ei</span> <span class='ocrx_word' id='word_1_115' title='bbox 181 1105 411 1136; x_wconf 83' lang='lat' dir='ltr'>mammae</span> <span class='ocrx_word' id='word_1_116' title='bbox 457 1091 768 1135; x_wconf 70' lang='lat' dir='ltr'>intumuerint</span> <span class='ocrx_word' id='word_1_117' title='bbox 811 1094 921 1149; x_wconf 92' lang='lat' dir='ltr'>post</span> <span class='ocrx_word' id='word_1_118' title='bbox 965 1095 1155 1149; x_wconf 86' lang='lat' dir='ltr'>partum</span> <span class='ocrx_word' id='word_1_119' title='bbox 1201 1107 1258 1137; x_wconf 81' lang='lat' dir='ltr'>ex</span> <span class='ocrx_word' id='word_1_120' title='bbox 1302 1093 1596 1137; x_wconf 89' lang='lat' dir='ltr'>abundantia</span> <span class='ocrx_word' id='word_1_121' title='bbox 1635 1093 1787 1149; x_wconf 89' lang='lat' dir='ltr'>lactis,</span> 
     </span>
     <span class='ocr_line' id='line_1_18' title="bbox 101 1157 1788 1217; baseline 0.002 -16"><span class='ocrx_word' id='word_1_122' title='bbox 101 1158 347 1215; x_wconf 83' lang='lat' dir='ltr'>spongiam</span> <span class='ocrx_word' id='word_1_123' title='bbox 386 1171 442 1202; x_wconf 87' lang='lat' dir='ltr'>ex</span> <span class='ocrx_word' id='word_1_124' title='bbox 480 1172 626 1214; x_wconf 89' lang='lat' dir='ltr'>pusca</span> <span class='ocrx_word' id='word_1_125' title='bbox 667 1157 872 1202; x_wconf 87' lang='lat' dir='ltr'>infusam</span> <span class='ocrx_word' id='word_1_126' title='bbox 909 1158 1118 1215; x_wconf 84' lang='lat' dir='ltr'>impone,</span> <span class='ocrx_word' id='word_1_127' title='bbox 1160 1162 1243 1203; x_wconf 89' lang='lat' dir='ltr'>aut</span> <span class='ocrx_word' id='word_1_128' title='bbox 1283 1160 1495 1216; x_wconf 81' lang='lat' dir='ltr'>dactylos</span> <span class='ocrx_word' id='word_1_129' title='bbox 1531 1174 1637 1204; x_wconf 93' lang='lat' dir='ltr'>cum</span> <span class='ocrx_word' id='word_1_130' title='bbox 1667 1174 1788 1217; x_wconf 86' lang='lat' dir='ltr'>pane</span> 
     </span>
     <span class='ocr_line' id='line_1_19' title="bbox 100 1223 1855 1282; baseline 0.001 -13"><span class='ocrx_word' id='word_1_131' title='bbox 100 1239 155 1270; x_wconf 86' lang='lat' dir='ltr'>ex</span> <span class='ocrx_word' id='word_1_132' title='bbox 207 1239 352 1281; x_wconf 89' lang='lat' dir='ltr'>pusca</span> <span class='ocrx_word' id='word_1_133' title='bbox 404 1223 555 1269; x_wconf 76' lang='lat' dir='ltr'>tritos,</span> <span class='ocrx_word' id='word_1_134' title='bbox 620 1224 659 1268; x_wconf 92' lang='lat' dir='ltr'>si</span> <span class='ocrx_word' id='word_1_135' title='bbox 713 1239 822 1269; x_wconf 91' lang='lat' dir='ltr'>vero</span> <span class='ocrx_word' id='word_1_136' title='bbox 877 1225 951 1268; x_wconf 90' lang='grc'>100</span> <span class='ocrx_word' id='word_1_137' title='bbox 1015 1225 1218 1269; x_wconf 91' lang='lat' dir='ltr'>volueris</span> <span class='ocrx_word' id='word_1_138' title='bbox 1276 1226 1536 1282; x_wconf 85' lang='lat' dir='ltr'>exsiccare,</span> <span class='ocrx_word' id='word_1_139' title='bbox 1601 1226 1789 1270; x_wconf 90' lang='lat' dir='ltr'>alumen</span> <span class='ocrx_word' id='word_1_140' title='bbox 1812 1241 1855 1274; x_wconf 87' lang='lat'>15</span> 
     </span>
     <span class='ocr_line' id='line_1_20' title="bbox 100 1289 1789 1348; baseline 0.001 -13"><span class='ocrx_word' id='word_1_141' title='bbox 100 1290 397 1335; x_wconf 87' lang='lat' dir='ltr'>coriandrum</span> <span class='ocrx_word' id='word_1_142' title='bbox 433 1289 748 1346; x_wconf 86' lang='lat' dir='ltr'>portulacam·</span> <span class='ocrx_word' id='word_1_143' title='bbox 771 1292 818 1334; x_wconf 90' lang='lat' dir='ltr'>et</span> <span class='ocrx_word' id='word_1_144' title='bbox 867 1291 1148 1348; x_wconf 87' lang='lat' dir='ltr'>sinopidem,</span> <span class='ocrx_word' id='word_1_145' title='bbox 1189 1291 1239 1335; x_wconf 92' lang='lat' dir='ltr'>in</span> <span class='ocrx_word' id='word_1_146' title='bbox 1286 1306 1334 1336; x_wconf 93' lang='lat' dir='ltr'>se</span> <span class='ocrx_word' id='word_1_147' title='bbox 1383 1293 1540 1336; x_wconf 91' lang='lat' dir='ltr'>omnia</span> <span class='ocrx_word' id='word_1_148' title='bbox 1586 1292 1789 1337; x_wconf 82' lang='lat' dir='ltr'>contrita</span> 
     </span>
     <span class='ocr_line' id='line_1_21' title="bbox 100 1355 1789 1416; baseline 0.001 -15"><span class='ocrx_word' id='word_1_149' title='bbox 100 1358 299 1414; x_wconf 89' lang='lat' dir='ltr'>impone.</span> <span class='ocrx_word' id='word_1_150' title='bbox 348 1357 475 1411; x_wconf 92' lang='lat' dir='ltr'>quod</span> <span class='ocrx_word' id='word_1_151' title='bbox 507 1355 546 1399; x_wconf 90' lang='lat' dir='ltr'>si</span> <span class='ocrx_word' id='word_1_152' title='bbox 577 1358 731 1400; x_wconf 84' lang='lat' dir='ltr'>tumor</span> <span class='ocrx_word' id='word_1_153' title='bbox 762 1356 927 1413; x_wconf 86' lang='lat' dir='ltr'>ingens</span> <span class='ocrx_word' id='word_1_154' title='bbox 951 1357 1094 1401; x_wconf 84' lang='lat' dir='ltr'>fuerit</span> <span class='ocrx_word' id='word_1_155' title='bbox 1118 1358 1194 1402; x_wconf 89' lang='lat' dir='ltr'>vel</span> <span class='ocrx_word' id='word_1_156' title='bbox 1226 1358 1380 1403; x_wconf 91' lang='lat' dir='ltr'>fervor</span> <span class='ocrx_word' id='word_1_157' title='bbox 1413 1362 1461 1402; x_wconf 91' lang='lat' dir='ltr'>et</span> <span class='ocrx_word' id='word_1_158' title='bbox 1493 1359 1626 1403; x_wconf 93' lang='lat' dir='ltr'>dolor</span> <span class='ocrx_word' id='word_1_159' title='bbox 1650 1374 1789 1416; x_wconf 86' lang='lat' dir='ltr'>gran-</span> 
     </span>
     <span class='ocr_line' id='line_1_22' title="bbox 102 1421 1787 1478; baseline 0.001 -12"><span class='ocrx_word' id='word_1_160' title='bbox 102 1423 173 1467; x_wconf 92' lang='lat' dir='ltr'>dis</span> <span class='ocrx_word' id='word_1_161' title='bbox 206 1421 471 1478; x_wconf 85' lang='lat' dir='ltr'>advenerit,</span> <span class='ocrx_word' id='word_1_162' title='bbox 503 1424 556 1465; x_wconf 89' lang='lat' dir='ltr'>ut</span> <span class='ocrx_word' id='word_1_163' title='bbox 595 1421 788 1477; x_wconf 82' lang='lat' dir='ltr'>reliquis</span> <span class='ocrx_word' id='word_1_164' title='bbox 820 1423 1081 1468; x_wconf 88' lang='lat' dir='ltr'>tumoribus</span> <span class='ocrx_word' id='word_1_165' title='bbox 1114 1438 1279 1468; x_wconf 89' lang='lat' dir='ltr'>censeo</span> <span class='ocrx_word' id='word_1_166' title='bbox 1312 1425 1540 1468; x_wconf 84' lang='lat' dir='ltr'>utendum</span> <span class='ocrx_word' id='word_1_167' title='bbox 1576 1424 1678 1468; x_wconf 91' lang='lat' dir='ltr'>oleo</span> <span class='ocrx_word' id='word_1_168' title='bbox 1712 1439 1787 1468; x_wconf 90' lang='lat' dir='ltr'>ca-</span> 
     </span>
     <span class='ocr_line' id='line_1_23' title="bbox 98 1487 1787 1547; baseline 0 -14"><span class='ocrx_word' id='word_1_169' title='bbox 98 1490 196 1533; x_wconf 94' lang='lat' dir='ltr'>lido</span> <span class='ocrx_word' id='word_1_170' title='bbox 230 1503 335 1532; x_wconf 90' lang='lat' dir='ltr'>cum</span> <span class='ocrx_word' id='word_1_171' title='bbox 366 1502 489 1543; x_wconf 89' lang='lat' dir='ltr'>aqua</span> <span class='ocrx_word' id='word_1_172' title='bbox 521 1487 706 1532; x_wconf 86' lang='lat' dir='ltr'>adiecto</span> <span class='ocrx_word' id='word_1_173' title='bbox 737 1503 858 1544; x_wconf 88' lang='lat' dir='ltr'>pane</span> <span class='ocrx_word' id='word_1_174' title='bbox 882 1490 1070 1545; x_wconf 92' lang='lat' dir='ltr'>mundo,</span> <span class='ocrx_word' id='word_1_175' title='bbox 1104 1492 1151 1532; x_wconf 86' lang='lat' dir='ltr'>et</span> <span class='ocrx_word' id='word_1_176' title='bbox 1176 1490 1466 1547; x_wconf 86' lang='lat' dir='ltr'>cataplasma</span> <span class='ocrx_word' id='word_1_177' title='bbox 1499 1491 1582 1532; x_wconf 89' lang='lat' dir='ltr'>aut</span> <span class='ocrx_word' id='word_1_178' title='bbox 1607 1489 1787 1533; x_wconf 89' lang='lat' dir='ltr'>farinae</span> 
     </span>
     <span class='ocr_line' id='line_1_24' title="bbox 99 1553 1854 1610; baseline 0.001 -12"><span class='ocrx_word' id='word_1_179' title='bbox 99 1555 314 1603; x_wconf 84' lang='lat' dir='ltr'>triticeae</span> <span class='ocrx_word' id='word_1_180' title='bbox 362 1555 445 1598; x_wconf 89' lang='lat' dir='ltr'>aut</span> <span class='ocrx_word' id='word_1_181' title='bbox 489 1553 617 1597; x_wconf 90' lang='lat' dir='ltr'>faeni</span> <span class='ocrx_word' id='word_1_182' title='bbox 671 1554 830 1610; x_wconf 85' lang='lat' dir='ltr'>graeci</span> <span class='ocrx_word' id='word_1_183' title='bbox 877 1557 960 1598; x_wconf 91' lang='lat' dir='ltr'>aut</span> <span class='ocrx_word' id='word_1_184' title='bbox 1002 1555 1087 1598; x_wconf 86' lang='lat' dir='ltr'>lini</span> <span class='ocrx_word' id='word_1_185' title='bbox 1135 1555 1324 1599; x_wconf 92' lang='lat' dir='ltr'>seminis</span> <span class='ocrx_word' id='word_1_186' title='bbox 1375 1555 1655 1599; x_wconf 89' lang='lat' dir='ltr'>calefactum</span> <span class='ocrx_word' id='word_1_187' title='bbox 1701 1556 1786 1599; x_wconf 88' lang='lat' dir='ltr'>im·</span> <span class='ocrx_word' id='word_1_188' title='bbox 1812 1573 1854 1603; x_wconf 82' lang='lat'>20</span> 
     </span>
     <span class='ocr_line' id='line_1_25' title="bbox 97 1620 1786 1679; baseline 0 -13"><span class='ocrx_word' id='word_1_189' title='bbox 97 1621 247 1679; x_wconf 89' lang='lat' dir='ltr'>ponis.</span> <span class='ocrx_word' id='word_1_190' title='bbox 282 1623 391 1665; x_wconf 91' lang='lat' dir='ltr'>ante</span> <span class='ocrx_word' id='word_1_191' title='bbox 422 1622 583 1664; x_wconf 85' lang='lat' dir='ltr'>tamen</span> <span class='ocrx_word' id='word_1_192' title='bbox 615 1620 836 1677; x_wconf 87' lang='lat' dir='ltr'>spongias</span> <span class='ocrx_word' id='word_1_193' title='bbox 861 1621 980 1664; x_wconf 90' lang='lat' dir='ltr'>bene</span> <span class='ocrx_word' id='word_1_194' title='bbox 1005 1621 1211 1665; x_wconf 86' lang='lat' dir='ltr'>calentes</span> <span class='ocrx_word' id='word_1_195' title='bbox 1237 1635 1452 1677; x_wconf 87' lang='lat' dir='ltr'>expresso</span> <span class='ocrx_word' id='word_1_196' title='bbox 1479 1622 1605 1666; x_wconf 91' lang='lat' dir='ltr'>omni</span> <span class='ocrx_word' id='word_1_197' title='bbox 1628 1637 1786 1667; x_wconf 92' lang='lat' dir='ltr'>umore</span> 
     </span>
     <span class='ocr_line' id='line_1_26' title="bbox 100 1685 1786 1745; baseline 0 -13"><span class='ocrx_word' id='word_1_198' title='bbox 100 1687 309 1745; x_wconf 89' lang='lat' dir='ltr'>apponis.</span> <span class='ocrx_word' id='word_1_199' title='bbox 358 1688 410 1729; x_wconf 84' lang='lat' dir='ltr'>ut</span> <span class='ocrx_word' id='word_1_200' title='bbox 443 1685 576 1729; x_wconf 91' lang='lat' dir='ltr'>dolor</span> <span class='ocrx_word' id='word_1_201' title='bbox 607 1685 898 1743; x_wconf 85' lang='lat' dir='ltr'>acquiescat,</span> <span class='ocrx_word' id='word_1_202' title='bbox 933 1689 981 1731; x_wconf 87' lang='lat' dir='ltr'>et</span> <span class='ocrx_word' id='word_1_203' title='bbox 1015 1687 1244 1731; x_wconf 88' lang='lat' dir='ltr'>cerotario</span> <span class='ocrx_word' id='word_1_204' title='bbox 1279 1687 1481 1744; x_wconf 84' lang='lat' dir='ltr'>simplici</span> <span class='ocrx_word' id='word_1_205' title='bbox 1513 1688 1672 1733; x_wconf 89' lang='lat' dir='ltr'>uteris.</span> <span class='ocrx_word' id='word_1_206' title='bbox 1716 1689 1786 1732; x_wconf 92' lang='lat' dir='ltr'>in-</span> 
     </span>
    </p>
   </div>
   <div class='ocr_carea' id='block_1_12' title="bbox 94 1810 1786 2987">
    <p class='ocr_par' dir='ltr' id='par_1_12' title="bbox 94 1810 1786 2224">
     <span class='ocr_line' id='line_1_27' title="bbox 218 1810 1785 1870; baseline 0.002 -15"><span class='ocrx_word' id='word_1_207' title='bbox 218 1818 241 1855; x_wconf 86' lang='lat'>1</span> <span class='ocrx_word' id='word_1_208' title='bbox 275 1814 374 1856; x_wconf 89' lang='lat' dir='ltr'>tam</span> <span class='ocrx_word' id='word_1_209' title='bbox 405 1810 506 1855; x_wconf 90' lang='lat' dir='ltr'>viro</span> <span class='ocrx_word' id='word_1_210' title='bbox 539 1826 581 1866; x_wconf 89' lang='lat' dir='ltr'>q.</span> <span class='ocrx_word' id='word_1_211' title='bbox 608 1826 667 1853; x_wconf 92' lang='lat' dir='ltr'>m.</span> <span class='ocrx_word' id='word_1_212' title='bbox 694 1825 735 1855; x_wconf 85' lang='grc' dir='ltr'>α.</span> <span class='ocrx_word' id='word_1_213' title='bbox 875 1813 923 1855; x_wconf 94' lang='lat' dir='ltr'>et</span> <span class='ocrx_word' id='word_1_214' title='bbox 953 1815 1051 1867; x_wconf 70' lang='grc' dir='ltr'>ηὀᾳς</span> <span class='ocrx_word' id='word_1_215' title='bbox 1084 1812 1290 1856; x_wconf 64' lang='grc'>0011100111</span> <span class='ocrx_word' id='word_1_216' title='bbox 1322 1814 1368 1857; x_wconf 88' lang='lat' dir='ltr'>b:</span> <span class='ocrx_word' id='word_1_217' title='bbox 1403 1815 1451 1856; x_wconf 89' lang='lat' dir='ltr'>et</span> <span class='ocrx_word' id='word_1_218' title='bbox 1480 1815 1646 1870; x_wconf 89' lang='lat' dir='ltr'>postea</span> <span class='ocrx_word' id='word_1_219' title='bbox 1679 1828 1785 1858; x_wconf 91' lang='lat' dir='ltr'>con-</span> 
     </span>
     <span class='ocr_line' id='line_1_28' title="bbox 100 1869 1784 1928; baseline 0.002 -13"><span class='ocrx_word' id='word_1_220' title='bbox 100 1872 323 1915; x_wconf 92' lang='lat' dir='ltr'>cumbant</span> <span class='ocrx_word' id='word_1_221' title='bbox 354 1887 395 1916; x_wconf 86' lang='lat' dir='ltr'>a.</span> <span class='ocrx_word' id='word_1_222' title='bbox 528 1874 553 1912; x_wconf 90' lang='lat'><strong>3</strong></span> <span class='ocrx_word' id='word_1_223' title='bbox 588 1869 707 1912; x_wconf 88' lang='lat' dir='ltr'>scias</span> <span class='ocrx_word' id='word_1_224' title='bbox 741 1885 793 1914; x_wconf 81' lang='lat' dir='ltr'>a:</span> <span class='ocrx_word' id='word_1_225' title='bbox 828 1870 947 1913; x_wconf 89' lang='lat' dir='ltr'>sciat</span> <span class='ocrx_word' id='word_1_226' title='bbox 981 1873 1005 1915; x_wconf 92' lang='lat' dir='ltr'>b</span> <span class='ocrx_word' id='word_1_227' title='bbox 1014 1886 1054 1928; x_wconf 99' lang='lat'><em>9</em></span> <span class='ocrx_word' id='word_1_228' title='bbox 1186 1876 1215 1914; x_wconf 87' lang='lat'>4</span> <span class='ocrx_word' id='word_1_229' title='bbox 1248 1871 1527 1915; x_wconf 88' lang='lat' dir='ltr'>salvaticam</span> <span class='ocrx_word' id='word_1_230' title='bbox 1560 1875 1662 1928; x_wconf 78' lang='lat' dir='ltr'>(sic)</span> <span class='ocrx_word' id='word_1_231' title='bbox 1698 1875 1784 1918; x_wconf 82' lang='lat' dir='ltr'>ba:</span> 
     </span>
     <span class='ocr_line' id='line_1_29' title="bbox 100 1927 1786 1998; baseline 0.001 -24"><span class='ocrx_word' id='word_1_232' title='bbox 100 1930 363 1974; x_wconf 86' lang='lat' dir='ltr'>silvestrem</span> <span class='ocrx_word' id='word_1_233' title='bbox 393 1945 432 1988; x_wconf 82' lang='lat'>9.</span> <span class='ocrx_word' id='word_1_234' title='bbox 556 1933 584 1970; x_wconf 88' lang='grc'>4</span> <span class='ocrx_word' id='word_1_235' title='bbox 614 1927 742 1971; x_wconf 82' lang='lat' dir='ltr'>facta</span> <span class='ocrx_word' id='word_1_236' title='bbox 774 1942 856 1973; x_wconf 84' lang='lat' dir='ltr'>om</span> <span class='ocrx_word' id='word_1_237' title='bbox 889 1944 930 1987; x_wconf 88' lang='lat'>9.</span> <span class='ocrx_word' id='word_1_238' title='bbox 1046 1934 1071 1972; x_wconf 85' lang='lat'>5</span> <span class='ocrx_word' id='word_1_239' title='bbox 1106 1929 1225 1973; x_wconf 90' lang='lat' dir='ltr'>scias</span> <span class='ocrx_word' id='word_1_240' title='bbox 1257 1936 1333 1975; x_wconf 77' lang='lat' dir='ltr'>etc.</span> <span class='ocrx_word' id='word_1_241' title='bbox 1368 1932 1453 1997; x_wconf 81' lang='lat' dir='ltr'>ba:</span> <span class='ocrx_word' id='word_1_242' title='bbox 1486 1945 1581 1974; x_wconf 90' lang='grc'>11011</span> <span class='ocrx_word' id='word_1_243' title='bbox 1610 1932 1786 1998; x_wconf 82' lang='lat' dir='ltr'>poterit</span> 
     </span>
     <span class='ocr_line' id='line_1_30' title="bbox 101 1987 1785 2054; baseline 0.001 -22"><span class='ocrx_word' id='word_1_244' title='bbox 101 1989 343 2045; x_wconf 88' lang='lat' dir='ltr'>concipere</span> <span class='ocrx_word' id='word_1_245' title='bbox 374 2004 415 2047; x_wconf 88' lang='lat'>9.</span> <span class='ocrx_word' id='word_1_246' title='bbox 536 2000 699 2054; x_wconf 88' lang='lat' dir='ltr'>parere</span> <span class='ocrx_word' id='word_1_247' title='bbox 732 2003 773 2031; x_wconf 82' lang='lat' dir='ltr'>a.</span> <span class='ocrx_word' id='word_1_248' title='bbox 927 1987 975 2031; x_wconf 83' lang='lat' dir='ltr'>Si</span> <span class='ocrx_word' id='word_1_249' title='bbox 1006 2002 1115 2032; x_wconf 92' lang='lat' dir='ltr'>vero</span> <span class='ocrx_word' id='word_1_250' title='bbox 1147 2004 1187 2046; x_wconf 89' lang='lat'><em>9,</em></span> <span class='ocrx_word' id='word_1_251' title='bbox 1223 1989 1313 2033; x_wconf 83' lang='lat' dir='ltr'>Sed</span> <span class='ocrx_word' id='word_1_252' title='bbox 1346 1988 1385 2032; x_wconf 91' lang='lat' dir='ltr'>si</span> <span class='ocrx_word' id='word_1_253' title='bbox 1417 2004 1458 2034; x_wconf 81' lang='lat' dir='ltr'>a.</span> <span class='ocrx_word' id='word_1_254' title='bbox 1597 1990 1785 2034; x_wconf 91' lang='lat' dir='ltr'>omnino</span> 
     </span>
     <span class='ocr_line' id='line_1_31' title="bbox 94 2046 1784 2106; baseline 0.001 -13"><span class='ocrx_word' id='word_1_255' title='bbox 94 2063 183 2093; x_wconf 83' lang='lat' dir='ltr'><em>om.</em></span> <span class='ocrx_word' id='word_1_256' title='bbox 215 2063 296 2106; x_wconf 80' lang='lat' dir='ltr'>9a.</span> <span class='ocrx_word' id='word_1_257' title='bbox 420 2046 662 2102; x_wconf 86' lang='lat' dir='ltr'>concipere</span> <span class='ocrx_word' id='word_1_258' title='bbox 693 2047 850 2102; x_wconf 85' lang='lat' dir='ltr'>potest</span> <span class='ocrx_word' id='word_1_259' title='bbox 881 2061 922 2091; x_wconf 79' lang='lat' dir='ltr'>a.</span> <span class='ocrx_word' id='word_1_260' title='bbox 1047 2051 1072 2090; x_wconf 89' lang='grc'><strong>6</strong></span> <span class='ocrx_word' id='word_1_261' title='bbox 1107 2047 1155 2091; x_wconf 80' lang='lat' dir='ltr'>Si</span> <span class='ocrx_word' id='word_1_262' title='bbox 1187 2047 1603 2105; x_wconf 88' lang='lat' dir='ltr'>quis—(10)sumat</span> <span class='ocrx_word' id='word_1_263' title='bbox 1634 2064 1716 2094; x_wconf 85' lang='lat' dir='ltr'><em>om.</em></span> <span class='ocrx_word' id='word_1_264' title='bbox 1743 2065 1784 2094; x_wconf 85' lang='lat' dir='ltr'>a.</span> 
     </span>
     <span class='ocr_line' id='line_1_32' title="bbox 99 2104 1784 2164; baseline 0.002 -15"><span class='ocrx_word' id='word_1_265' title='bbox 99 2107 143 2151; x_wconf 90' lang='lat' dir='ltr'>h.</span> <span class='ocrx_word' id='word_1_266' title='bbox 179 2106 376 2150; x_wconf 90' lang='lat' dir='ltr'>satirion</span> <span class='ocrx_word' id='word_1_267' title='bbox 405 2122 447 2164; x_wconf 93' lang='lat'>9.</span> <span class='ocrx_word' id='word_1_268' title='bbox 621 2110 645 2148; x_wconf 81' lang='lat'><strong>7</strong></span> <span class='ocrx_word' id='word_1_269' title='bbox 677 2104 790 2148; x_wconf 90' lang='lat' dir='ltr'>teris</span> <span class='ocrx_word' id='word_1_270' title='bbox 823 2106 861 2160; x_wconf 92' lang='lat' dir='ltr'>b,</span> <span class='ocrx_word' id='word_1_271' title='bbox 894 2107 993 2151; x_wconf 85' lang='lat' dir='ltr'>tere</span> <span class='ocrx_word' id='word_1_272' title='bbox 1023 2120 1064 2163; x_wconf 92' lang='lat'>9.</span> <span class='ocrx_word' id='word_1_273' title='bbox 1203 2109 1229 2149; x_wconf 89' lang='grc'>8</span> <span class='ocrx_word' id='word_1_274' title='bbox 1272 2106 1439 2150; x_wconf 90' lang='lat' dir='ltr'>LXVII</span> <span class='ocrx_word' id='word_1_275' title='bbox 1468 2122 1509 2164; x_wconf 90' lang='grc'>9.</span> <span class='ocrx_word' id='word_1_276' title='bbox 1631 2108 1784 2152; x_wconf 89' lang='lat' dir='ltr'>mellis</span> 
     </span>
     <span class='ocr_line' id='line_1_33' title="bbox 101 2163 1665 2224; baseline 0.001 -15"><span class='ocrx_word' id='word_1_277' title='bbox 101 2177 160 2213; x_wconf 76' lang='lat'>÷</span> <span class='ocrx_word' id='word_1_278' title='bbox 181 2166 224 2209; x_wconf 95' lang='lat' dir='ltr'>II</span> <span class='ocrx_word' id='word_1_279' title='bbox 251 2167 297 2211; x_wconf 87' lang='lat' dir='ltr'>b:</span> <span class='ocrx_word' id='word_1_280' title='bbox 329 2165 423 2209; x_wconf 89' lang='lat' dir='ltr'>mel</span> <span class='ocrx_word' id='word_1_281' title='bbox 453 2180 493 2223; x_wconf 91' lang='grc'>9.</span> <span class='ocrx_word' id='word_1_282' title='bbox 615 2163 811 2207; x_wconf 88' lang='lat' dir='ltr'>resolvis</span> <span class='ocrx_word' id='word_1_283' title='bbox 844 2166 883 2219; x_wconf 91' lang='lat' dir='ltr'>b,</span> <span class='ocrx_word' id='word_1_284' title='bbox 916 2178 1032 2208; x_wconf 90' lang='lat' dir='ltr'>—ve</span> <span class='ocrx_word' id='word_1_285' title='bbox 1061 2180 1102 2222; x_wconf 91' lang='grc'>9.</span> <span class='ocrx_word' id='word_1_286' title='bbox 1212 2167 1260 2208; x_wconf 91' lang='lat' dir='ltr'>et</span> <span class='ocrx_word' id='word_1_287' title='bbox 1290 2179 1487 2221; x_wconf 90' lang='lat' dir='ltr'>pensum</span> <span class='ocrx_word' id='word_1_288' title='bbox 1520 2165 1595 2210; x_wconf 88' lang='lat' dir='ltr'>fac</span> <span class='ocrx_word' id='word_1_289' title='bbox 1626 2181 1665 2224; x_wconf 93' lang='grc'>9.</span> 
     </span>
    </p>

    <p class='ocr_par' dir='ltr' id='par_1_13' title="bbox 101 2224 1785 2575">
     <span class='ocr_line' id='line_1_34' title="bbox 103 2224 1785 2279; baseline 0.001 -10"><span class='ocrx_word' id='word_1_290' title='bbox 103 2229 158 2268; x_wconf 91' lang='grc'>10</span> <span class='ocrx_word' id='word_1_291' title='bbox 189 2226 254 2269; x_wconf 78' lang='lat' dir='ltr'>sic</span> <span class='ocrx_word' id='word_1_292' title='bbox 284 2226 352 2269; x_wconf 73' lang='lat' dir='ltr'><em>tit.</em></span> <span class='ocrx_word' id='word_1_293' title='bbox 386 2226 438 2268; x_wconf 71' lang='lat' dir='ltr'>i‘n</span> <span class='ocrx_word' id='word_1_294' title='bbox 469 2224 565 2267; x_wconf 72' lang='lat' dir='ltr'>ind.</span> <span class='ocrx_word' id='word_1_295' title='bbox 599 2224 663 2267; x_wconf 83' lang='lat' dir='ltr'>ba</span> <span class='ocrx_word' id='word_1_296' title='bbox 688 2224 755 2278; x_wconf 71' lang='lat' dir='ltr'>(in</span> <span class='ocrx_word' id='word_1_297' title='bbox 786 2228 912 2266; x_wconf 75' lang='lat' dir='ltr'>textu</span> <span class='ocrx_word' id='word_1_298' title='bbox 936 2225 960 2267; x_wconf 88' lang='lat' dir='ltr'><strong><em>b</em></strong></span> <span class='ocrx_word' id='word_1_299' title='bbox 984 2225 1088 2279; x_wconf 77' lang='lat' dir='ltr'>ipsa</span> <span class='ocrx_word' id='word_1_300' title='bbox 1111 2225 1269 2279; x_wconf 73' lang='lat' dir='ltr'>prima</span> <span class='ocrx_word' id='word_1_301' title='bbox 1298 2225 1432 2268; x_wconf 76' lang='lat' dir='ltr'>verba</span> <span class='ocrx_word' id='word_1_302' title='bbox 1462 2226 1647 2269; x_wconf 76' lang='lat' dir='ltr'>rubrica</span> <span class='ocrx_word' id='word_1_303' title='bbox 1677 2228 1785 2270; x_wconf 75' lang='lat' dir='ltr'>scri-</span> 
     </span>
     <span class='ocr_line' id='line_1_35' title="bbox 102 2280 1786 2342; baseline 0.001 -15"><span class='ocrx_word' id='word_1_304' title='bbox 102 2286 308 2338; x_wconf 71' lang='lat' dir='ltr'>buntur),</span> <span class='ocrx_word' id='word_1_305' title='bbox 339 2283 446 2327; x_wconf 90' lang='lat' dir='ltr'>XVI</span> <span class='ocrx_word' id='word_1_306' title='bbox 476 2282 545 2325; x_wconf 89' lang='lat' dir='ltr'>De</span> <span class='ocrx_word' id='word_1_307' title='bbox 577 2280 800 2324; x_wconf 87' lang='lat' dir='ltr'>mamillis</span> <span class='ocrx_word' id='word_1_308' title='bbox 834 2280 1101 2325; x_wconf 89' lang='lat' dir='ltr'>dolentibus</span> <span class='ocrx_word' id='word_1_309' title='bbox 1131 2297 1172 2339; x_wconf 88' lang='lat'>9.</span> <span class='ocrx_word' id='word_1_310' title='bbox 1386 2287 1557 2326; x_wconf 87' lang='grc'>10--11</span> <span class='ocrx_word' id='word_1_311' title='bbox 1591 2298 1673 2328; x_wconf 85' lang='lat' dir='ltr'><em>om.</em></span> <span class='ocrx_word' id='word_1_312' title='bbox 1707 2299 1786 2342; x_wconf 83' lang='lat' dir='ltr'>a9.</span> 
     </span>
     <span class='ocr_line' id='line_1_36' title="bbox 104 2339 1784 2407; baseline 0.001 -22"><span class='ocrx_word' id='word_1_313' title='bbox 104 2346 158 2385; x_wconf 89' lang='lat'>11</span> <span class='ocrx_word' id='word_1_314' title='bbox 191 2341 423 2386; x_wconf 85' lang='lat' dir='ltr'>exicemus</span> <span class='ocrx_word' id='word_1_315' title='bbox 456 2343 495 2386; x_wconf 91' lang='lat' dir='ltr'>b.</span> <span class='ocrx_word' id='word_1_316' title='bbox 618 2344 672 2382; x_wconf 96' lang='grc'>12</span> <span class='ocrx_word' id='word_1_317' title='bbox 705 2339 874 2383; x_wconf 85' lang='lat' dir='ltr'>bibant</span> <span class='ocrx_word' id='word_1_318' title='bbox 898 2355 939 2384; x_wconf 83' lang='lat' dir='ltr'>a.</span> <span class='ocrx_word' id='word_1_319' title='bbox 1063 2344 1119 2383; x_wconf 87' lang='grc'>14</span> <span class='ocrx_word' id='word_1_320' title='bbox 1145 2340 1341 2397; x_wconf 88' lang='lat' dir='ltr'>spongia</span> <span class='ocrx_word' id='word_1_321' title='bbox 1371 2340 1423 2384; x_wconf 92' lang='lat' dir='ltr'>in</span> <span class='ocrx_word' id='word_1_322' title='bbox 1455 2355 1578 2407; x_wconf 83' lang='lat' dir='ltr'>aqua</span> <span class='ocrx_word' id='word_1_323' title='bbox 1610 2341 1784 2386; x_wconf 84' lang='lat' dir='ltr'>suffusa</span> 
     </span>
     <span class='ocr_line' id='line_1_37' title="bbox 104 2397 1783 2459; baseline 0.001 -15"><span class='ocrx_word' id='word_1_324' title='bbox 104 2403 394 2457; x_wconf 91' lang='lat' dir='ltr'>supponatur</span> <span class='ocrx_word' id='word_1_325' title='bbox 424 2415 467 2444; x_wconf 83' lang='lat' dir='ltr'>a.</span> <span class='ocrx_word' id='word_1_326' title='bbox 589 2412 646 2442; x_wconf 86' lang='lat' dir='ltr'>ex</span> <span class='ocrx_word' id='word_1_327' title='bbox 677 2399 722 2442; x_wconf 89' lang='lat' dir='ltr'>b·</span> <span class='ocrx_word' id='word_1_328' title='bbox 756 2397 804 2440; x_wconf 93' lang='lat' dir='ltr'>in</span> <span class='ocrx_word' id='word_1_329' title='bbox 835 2413 875 2456; x_wconf 90' lang='lat'>9.</span> <span class='ocrx_word' id='word_1_330' title='bbox 969 2412 1151 2455; x_wconf 89' lang='lat' dir='ltr'>appone</span> <span class='ocrx_word' id='word_1_331' title='bbox 1182 2414 1222 2457; x_wconf 89' lang='lat'><em>9</em></span> <span class='ocrx_word' id='word_1_332' title='bbox 1328 2399 1608 2444; x_wconf 88' lang='lat' dir='ltr'>aut—tritos</span> <span class='ocrx_word' id='word_1_333' title='bbox 1635 2414 1716 2445; x_wconf 87' lang='lat' dir='ltr'><em>om.</em></span> <span class='ocrx_word' id='word_1_334' title='bbox 1742 2417 1783 2459; x_wconf 93' lang='lat'>9.</span> 
     </span>
     <span class='ocr_line' id='line_1_38' title="bbox 101 2457 1783 2513; baseline 0.001 -9"><span class='ocrx_word' id='word_1_335' title='bbox 101 2460 177 2504; x_wconf 90' lang='lat' dir='ltr'>vel</span> <span class='ocrx_word' id='word_1_336' title='bbox 210 2475 252 2504; x_wconf 84' lang='lat' dir='ltr'>a.</span> <span class='ocrx_word' id='word_1_337' title='bbox 376 2473 481 2502; x_wconf 92' lang='lat' dir='ltr'>cum</span> <span class='ocrx_word' id='word_1_338' title='bbox 504 2471 625 2513; x_wconf 88' lang='lat' dir='ltr'>pane</span> <span class='ocrx_word' id='word_1_339' title='bbox 657 2470 739 2500; x_wconf 85' lang='lat' dir='ltr'><em>om.</em></span> <span class='ocrx_word' id='word_1_340' title='bbox 774 2472 815 2501; x_wconf 83' lang='lat' dir='ltr'>a.</span> <span class='ocrx_word' id='word_1_341' title='bbox 969 2462 1023 2501; x_wconf 87' lang='lat'>15</span> <span class='ocrx_word' id='word_1_342' title='bbox 1057 2471 1114 2501; x_wconf 88' lang='lat' dir='ltr'>ex</span> <span class='ocrx_word' id='word_1_343' title='bbox 1144 2459 1191 2502; x_wconf 90' lang='lat' dir='ltr'>b:</span> <span class='ocrx_word' id='word_1_344' title='bbox 1224 2457 1274 2500; x_wconf 92' lang='lat' dir='ltr'>in</span> <span class='ocrx_word' id='word_1_345' title='bbox 1305 2473 1346 2502; x_wconf 82' lang='lat' dir='ltr'>a.</span> <span class='ocrx_word' id='word_1_346' title='bbox 1498 2458 1701 2504; x_wconf 90' lang='lat' dir='ltr'>volueris</span> <span class='ocrx_word' id='word_1_347' title='bbox 1733 2476 1783 2505; x_wconf 83' lang='lat' dir='ltr'>a:</span> 
     </span>
     <span class='ocr_line' id='line_1_39' title="bbox 102 2514 1665 2575; baseline -0.001 -13"><span class='ocrx_word' id='word_1_348' title='bbox 102 2518 256 2562; x_wconf 85' lang='lat' dir='ltr'>—rint</span> <span class='ocrx_word' id='word_1_349' title='bbox 287 2519 326 2574; x_wconf 91' lang='lat' dir='ltr'>b,</span> <span class='ocrx_word' id='word_1_350' title='bbox 360 2517 482 2560; x_wconf 90' lang='lat' dir='ltr'>——-rit</span> <span class='ocrx_word' id='word_1_351' title='bbox 512 2531 552 2573; x_wconf 93' lang='lat'><em>9.</em></span> <span class='ocrx_word' id='word_1_352' title='bbox 761 2514 970 2560; x_wconf 83' lang='lat' dir='ltr'>exiccare</span> <span class='ocrx_word' id='word_1_353' title='bbox 1002 2518 1048 2561; x_wconf 89' lang='lat' dir='ltr'>b:</span> <span class='ocrx_word' id='word_1_354' title='bbox 1083 2515 1318 2560; x_wconf 90' lang='lat' dir='ltr'>desiccare</span> <span class='ocrx_word' id='word_1_355' title='bbox 1350 2532 1392 2571; x_wconf 80' lang='lat' dir='ltr'>a,</span> <span class='ocrx_word' id='word_1_356' title='bbox 1427 2516 1593 2561; x_wconf 89' lang='lat' dir='ltr'>siccari</span> <span class='ocrx_word' id='word_1_357' title='bbox 1623 2533 1665 2575; x_wconf 91' lang='lat'>9.</span> 
     </span>
    </p>

    <p class='ocr_par' dir='ltr' id='par_1_14' title="bbox 100 2554 1786 2987">
     <span class='ocr_line' id='line_1_40' title="bbox 104 2554 1786 2641; baseline 0 -21"><span class='ocrx_word' id='word_1_358' title='bbox 104 2582 157 2620; x_wconf 88' lang='lat'>16</span> <span class='ocrx_word' id='word_1_359' title='bbox 190 2579 238 2621; x_wconf 88' lang='lat' dir='ltr'>et</span> <span class='ocrx_word' id='word_1_360' title='bbox 270 2554 533 2632; x_wconf 83' lang='lat' dir='ltr'>sinopidem</span> <span class='ocrx_word' id='word_1_361' title='bbox 564 2576 610 2619; x_wconf 91' lang='lat' dir='ltr'>b:</span> <span class='ocrx_word' id='word_1_362' title='bbox 654 2573 866 2630; x_wconf 90' lang='lat' dir='ltr'>sinopide</span> <span class='ocrx_word' id='word_1_363' title='bbox 896 2590 938 2632; x_wconf 91' lang='lat'>9,</span> <span class='ocrx_word' id='word_1_364' title='bbox 971 2589 1076 2618; x_wconf 90' lang='lat' dir='ltr'>cum</span> <span class='ocrx_word' id='word_1_365' title='bbox 1108 2574 1321 2641; x_wconf 80' lang='lat' dir='ltr'>sinopide</span> <span class='ocrx_word' id='word_1_366' title='bbox 1353 2591 1395 2619; x_wconf 86' lang='grc' dir='ltr'>α.</span> <span class='ocrx_word' id='word_1_367' title='bbox 1548 2577 1704 2620; x_wconf 82' lang='grc'>01111110</span> <span class='ocrx_word' id='word_1_368' title='bbox 1736 2577 1786 2620; x_wconf 85' lang='grc'>111</span> 
     </span>
     <span class='ocr_line' id='line_1_41' title="bbox 102 2632 1785 2690; baseline 0 -11"><span class='ocrx_word' id='word_1_369' title='bbox 102 2649 151 2679; x_wconf 93' lang='lat' dir='ltr'>se</span> <span class='ocrx_word' id='word_1_370' title='bbox 168 2635 426 2679; x_wconf 81' lang='lat' dir='ltr'>contritaa.</span> <span class='ocrx_word' id='word_1_371' title='bbox 492 2638 546 2676; x_wconf 85' lang='lat'>17</span> <span class='ocrx_word' id='word_1_372' title='bbox 559 2632 746 2688; x_wconf 92' lang='lat' dir='ltr'>impone</span> <span class='ocrx_word' id='word_1_373' title='bbox 763 2647 846 2678; x_wconf 83' lang='lat' dir='ltr'>om</span> <span class='ocrx_word' id='word_1_374' title='bbox 865 2648 905 2690; x_wconf 90' lang='lat'><em>9</em></span> <span class='ocrx_word' id='word_1_375' title='bbox 971 2637 1024 2676; x_wconf 91' lang='lat'>18</span> <span class='ocrx_word' id='word_1_376' title='bbox 1042 2633 1162 2676; x_wconf 91' lang='lat' dir='ltr'>utin</span> <span class='ocrx_word' id='word_1_377' title='bbox 1177 2648 1211 2678; x_wconf 88' lang='grc'>1.</span> <span class='ocrx_word' id='word_1_378' title='bbox 1230 2633 1491 2678; x_wconf 91' lang='lat' dir='ltr'>tumoribus</span> <span class='ocrx_word' id='word_1_379' title='bbox 1515 2636 1628 2679; x_wconf 92' lang='lat' dir='ltr'>tunc</span> <span class='ocrx_word' id='word_1_380' title='bbox 1651 2638 1785 2681; x_wconf 91' lang='lat' dir='ltr'>uten-</span> 
     </span>
     <span class='ocr_line' id='line_1_42' title="bbox 100 2691 1782 2753; baseline 0.001 -16"><span class='ocrx_word' id='word_1_381' title='bbox 100 2695 214 2737; x_wconf 94' lang='lat' dir='ltr'>dum</span> <span class='ocrx_word' id='word_1_382' title='bbox 244 2695 316 2737; x_wconf 92' lang='lat' dir='ltr'>est</span> <span class='ocrx_word' id='word_1_383' title='bbox 348 2692 478 2736; x_wconf 93' lang='lat' dir='ltr'>oleo.</span> <span class='ocrx_word' id='word_1_384' title='bbox 563 2691 871 2747; x_wconf 85' lang='lat' dir='ltr'>a(.utendum</span> <span class='ocrx_word' id='word_1_385' title='bbox 915 2691 1131 2736; x_wconf 91' lang='lat' dir='ltr'><em>Oleum..</em></span> <span class='ocrx_word' id='word_1_386' title='bbox 1151 2694 1225 2749; x_wconf 95' lang='lat' dir='ltr'>.b,</span> <span class='ocrx_word' id='word_1_387' title='bbox 1258 2693 1486 2736; x_wconf 90' lang='lat' dir='ltr'>utendum</span> <span class='ocrx_word' id='word_1_388' title='bbox 1517 2693 1648 2739; x_wconf 91' lang='lat' dir='ltr'>oleo.</span> <span class='ocrx_word' id='word_1_389' title='bbox 1666 2698 1782 2753; x_wconf 89' lang='lat'><em>..9).</em></span> 
     </span>
     <span class='ocr_line' id='line_1_43' title="bbox 104 2707 1785 2809; baseline 0.001 -13"><span class='ocrx_word' id='word_1_390' title='bbox 104 2757 158 2796; x_wconf 87' lang='grc'>19</span> <span class='ocrx_word' id='word_1_391' title='bbox 193 2753 241 2796; x_wconf 94' lang='lat' dir='ltr'>et</span> <span class='ocrx_word' id='word_1_392' title='bbox 271 2707 593 2807; x_wconf 70' lang='lat' dir='ltr'>cataplasmaa</span> <span class='ocrx_word' id='word_1_393' title='bbox 595 2752 620 2794; x_wconf 95' lang='lat' dir='ltr'>b</span> <span class='ocrx_word' id='word_1_394' title='bbox 646 2751 798 2806; x_wconf 90' lang='lat' dir='ltr'>(--ma</span> <span class='ocrx_word' id='word_1_395' title='bbox 830 2765 859 2794; x_wconf 87' lang='lat' dir='ltr'>a</span> <span class='ocrx_word' id='word_1_396' title='bbox 866 2753 924 2807; x_wconf 90' lang='lat'><em>9)</em></span> <span class='ocrx_word' id='word_1_397' title='bbox 1046 2727 1199 2794; x_wconf 86' lang='lat' dir='ltr'>farina</span> <span class='ocrx_word' id='word_1_398' title='bbox 1231 2753 1256 2796; x_wconf 94' lang='lat' dir='ltr'>b</span> <span class='ocrx_word' id='word_1_399' title='bbox 1264 2766 1312 2809; x_wconf 89' lang='lat'><em>9</em></span> <span class='ocrx_word' id='word_1_400' title='bbox 1347 2766 1514 2795; x_wconf 86' lang='lat' dir='ltr'>—nam</span> <span class='ocrx_word' id='word_1_401' title='bbox 1538 2768 1580 2798; x_wconf 84' lang='lat' dir='ltr'>a.</span> <span class='ocrx_word' id='word_1_402' title='bbox 1666 2731 1785 2798; x_wconf 41' lang='lat' dir='ltr'>’tri-</span> 
     </span>
     <span class='ocr_line' id='line_1_44' title="bbox 100 2808 1783 2870; baseline 0.001 -16"><span class='ocrx_word' id='word_1_403' title='bbox 100 2810 225 2854; x_wconf 82' lang='lat' dir='ltr'>ticea</span> <span class='ocrx_word' id='word_1_404' title='bbox 260 2812 305 2855; x_wconf 91' lang='lat' dir='ltr'>b:</span> <span class='ocrx_word' id='word_1_405' title='bbox 338 2808 490 2853; x_wconf 89' lang='lat' dir='ltr'>tritici</span> <span class='ocrx_word' id='word_1_406' title='bbox 513 2823 590 2867; x_wconf 82' lang='lat' dir='ltr'>a9.</span> <span class='ocrx_word' id='word_1_407' title='bbox 654 2813 710 2851; x_wconf 92' lang='grc'>20</span> <span class='ocrx_word' id='word_1_408' title='bbox 740 2808 981 2865; x_wconf 84' lang='lat' dir='ltr'>fenugreci</span> <span class='ocrx_word' id='word_1_409' title='bbox 1005 2825 1033 2854; x_wconf 87' lang='grc' dir='ltr'>α</span> <span class='ocrx_word' id='word_1_410' title='bbox 1041 2824 1090 2867; x_wconf 89' lang='grc'><em>9</em></span> <span class='ocrx_word' id='word_1_411' title='bbox 1123 2809 1330 2867; x_wconf 86' lang='lat' dir='ltr'>fengreci</span> <span class='ocrx_word' id='word_1_412' title='bbox 1355 2813 1393 2856; x_wconf 93' lang='lat' dir='ltr'>b.</span> <span class='ocrx_word' id='word_1_413' title='bbox 1487 2816 1541 2854; x_wconf 90' lang='grc'>21</span> <span class='ocrx_word' id='word_1_414' title='bbox 1576 2812 1783 2870; x_wconf 88' lang='lat' dir='ltr'>spongiis</span> 
     </span>
     <span class='ocr_line' id='line_1_45' title="bbox 102 2867 1782 2931; baseline 0.002 -18"><span class='ocrx_word' id='word_1_415' title='bbox 102 2869 149 2914; x_wconf 93' lang='lat' dir='ltr'>b.</span> <span class='ocrx_word' id='word_1_416' title='bbox 183 2867 445 2913; x_wconf 88' lang='lat' dir='ltr'>calentibus</span> <span class='ocrx_word' id='word_1_417' title='bbox 478 2867 706 2924; x_wconf 87' lang='lat' dir='ltr'>expressis</span> <span class='ocrx_word' id='word_1_418' title='bbox 741 2869 843 2924; x_wconf 81' lang='lat' dir='ltr'>(sic)</span> <span class='ocrx_word' id='word_1_419' title='bbox 880 2870 992 2926; x_wconf 86' lang='lat' dir='ltr'><em>ba9.</em></span> <span class='ocrx_word' id='word_1_420' title='bbox 1146 2873 1200 2912; x_wconf 90' lang='grc'>22</span> <span class='ocrx_word' id='word_1_421' title='bbox 1233 2871 1286 2913; x_wconf 88' lang='lat' dir='ltr'>ut</span> <span class='ocrx_word' id='word_1_422' title='bbox 1318 2869 1360 2914; x_wconf 92' lang='lat' dir='ltr'>d.</span> <span class='ocrx_word' id='word_1_423' title='bbox 1395 2869 1664 2925; x_wconf 85' lang='lat' dir='ltr'>acquiescat</span> <span class='ocrx_word' id='word_1_424' title='bbox 1694 2887 1724 2917; x_wconf 84' lang='lat' dir='ltr'>a</span> <span class='ocrx_word' id='word_1_425' title='bbox 1733 2887 1782 2931; x_wconf 92' lang='lat'><em>9</em></span> 
     </span>
     <span class='ocr_line' id='line_1_46' title="bbox 106 2926 1336 2987; baseline 0.001 -16"><span class='ocrx_word' id='word_1_426' title='bbox 106 2930 154 2972; x_wconf 87' lang='lat' dir='ltr'>et</span> <span class='ocrx_word' id='word_1_427' title='bbox 186 2928 228 2973; x_wconf 93' lang='lat' dir='ltr'>d</span> <span class='ocrx_word' id='word_1_428' title='bbox 262 2926 474 2983; x_wconf 88' lang='lat' dir='ltr'>quiescat</span> <span class='ocrx_word' id='word_1_429' title='bbox 506 2928 543 2971; x_wconf 90' lang='lat' dir='ltr'>b.</span> <span class='ocrx_word' id='word_1_430' title='bbox 667 2927 715 2970; x_wconf 87' lang='lat' dir='ltr'>et</span> <span class='ocrx_word' id='word_1_431' title='bbox 746 2940 783 2970; x_wconf 90' lang='lat' dir='ltr'>c.</span> <span class='ocrx_word' id='word_1_432' title='bbox 818 2940 852 2972; x_wconf 90' lang='lat' dir='ltr'>s</span> <span class='ocrx_word' id='word_1_433' title='bbox 885 2926 1030 2971; x_wconf 88' lang='lat' dir='ltr'>uteris</span> <span class='ocrx_word' id='word_1_434' title='bbox 1064 2928 1148 2972; x_wconf 83' lang='lat' dir='ltr'>ba:</span> <span class='ocrx_word' id='word_1_435' title='bbox 1181 2941 1263 2972; x_wconf 85' lang='lat' dir='ltr'><em>om.</em></span> <span class='ocrx_word' id='word_1_436' title='bbox 1295 2943 1336 2987; x_wconf 90' lang='lat'>9.</span> 
     </span>
    </p>
   </div>
  </div>
 </body>
</html>
