1950 3172
653 129 659 134 ·
714 86 1160 176 AnDrmMENTA.
1226 87 1262 139 Ῠ
1531 109 1535 113 ’
1667 124 1772 175 271

95 259 333 318 alopecias
371 259 586 305 celeriter
623 224 774 304 sanat.
835 258 1031 315 pellium
1068 257 1335 314 viperarum
1374 254 1490 300 cinis
1537 244 1773 312 albpecias

3 336 13 373 f
42 322 45 323 ⁷
92 326 308 372 celeriter
339 325 509 387 explet,
542 327 784 382 expertum
813 327 898 369 est.
961 338 1098 370 sucus
1129 321 1365 367 millefolii
1396 336 1501 365 cum
1531 321 1634 365 oleo
1667 334 1774 365 con-

15 414 17 416 ·
71 392 290 440 ‚fricatus
323 391 498 448 crispos
530 390 726 448 capillos
757 390 887 435 facit.
950 389 1098 448 [prius
1131 391 1342 434 attamen
1372 387 1477 434 loca
1503 424 1512 432 .

94 481 246 536 AdI,
270 483 301 524 8
327 482 444 535 (20)
467 478 543 523 De
575 478 844 522 aurium
890 477 1226 522 causatione
1259 478 1396 533 (inter
1427 510 1436 520 .
1501 475 1774 545 .centauri9

545 545 662 589 facit
693 551 734 590 et
765 544 814 588 Si
846 557 1010 588 sonare
1043 544 1322 599 aures...)
1797 546 1818 579 5

137 622 158 645 -'
210 611 286 655 Ad
314 610 648 656 ventositatem
686 612 734 655 et
775 609 1001 653 tinnitum
1036 608 1231 653 aurium.
1286 607 1464 651 nitrum
1495 609 1543 651 et
1572 621 1777 651 murram
1789 601 1950 660 (VIIII)

91 677 169 722 vel
201 679 463 721 castoreum
486 691 577 721 ana
600 679 647 734 (i.
672 692 706 722 e
741 675 929 750 aequali
959 677 1194 731 mensura)
1227 673 1512 731 distempera
1543 687 1648 717 cum
1673 672 1775 722 oleo

95 745 143 787 et
174 744 322 799 aceto,
357 744 404 787 et
435 742 642 786 calidum
671 741 808 786 mitte
840 741 891 785 in
922 754 1094 785 aurem.

91 831 170 875 Ad
190 831 234 885 I,
258 836 288 875 8
315 833 413 886 (21)
447 830 523 874 De
555 829 776 874 aurium
807 827 1143 873 causatione
1169 830 1292 884 (post
1320 828 1382 871 Et
1413 827 1524 872 ferri
1554 826 1774 884 purgatio

210 910 314 939 cum
345 898 478 940 aceto
509 895 626 940 trita
657 894 1011 951 commodi<u>s
1037 893 1308 950 operabitur
1338 900 1389 938 ut
1414 895 1546 938 habet
1569 896 1624 950 b).
1722 917 1727 924 ⁴
1798 901 1840 932 1⁰
1909 939 1913 942 ,

210 962 352 1006 Sucos
391 961 519 1019 porri
557 963 605 1006 ct
644 975 840 1005 araneos
878 962 973 1004 tres
1018 958 1160 1023 simul
1207 958 1432 1003 contritos
1480 959 1531 1002 in
1571 958 1775 1024 strigilla
1837 1013 1844 1020 ι

91 1027 360 1083 calefacieS‚
416 1029 464 1071 et
507 1026 721 1083 tepidum
768 1025 819 1069 in
865 1039 1024 1069 aurem
1069 1024 1252 1082 mittes,
1308 1027 1356 1069 et
1403 1025 1460 1068 de
1506 1024 1618 1068 lana
1664 1024 1775 1068 alba

89 1092 411 1137 vetustissima
443 1092 675 1136 obturato.
741 1093 789 1135 et
820 1091 1003 1135 sordem
1029 1093 1206 1148 purgat
1249 1094 1296 1136 et
1329 1093 1478 1137 sanat.
1528 1106 1663 1135 sucus
1694 1091 1775 1134 he-

92 1161 230 1204 derae
246 1159 434 1216 tepidus
451 1158 720 1203 instilletur.
753 1157 827 1201 lac
847 1157 1067 1202 caninum
1083 1158 1296 1215 tepidum
1319 1157 1498 1203 inicito.
1533 1157 1775 1214 caprinum

89 1225 258 1270 lotium
288 1225 338 1268 in
368 1238 479 1269 vase
510 1223 659 1268 vitreo
694 1226 930 1268 servatum
961 1224 1173 1281 tepidum
1204 1223 1368 1268 inicito
1394 1223 1598 1268 auribus,
1656 1223 1774 1266 cele·
1800 1231 1840 1263 15

90 1291 204 1343 riter
237 1293 385 1335 sanat.
436 1290 618 1347 origani
651 1304 786 1333 sucus
811 1289 976 1334 viridis
1002 1289 1190 1346 tepidus
1216 1289 1433 1334 stilletur.
1483 1290 1540 1333 de
1572 1288 1775 1333 cannabi

82 1356 265 1401 semine
299 1370 460 1400 sucum
495 1355 721 1412 tepidum.
783 1354 981 1411 nimium
1020 1355 1227 1400 dolorem
1263 1354 1406 1398 tollit.
1468 1355 1642 1399 herbae
1673 1368 1774 1399 ver—

11 1434 14 1438 ·
90 1423 240 1467 benae
274 1437 434 1466 sucum
464 1422 677 1479 tepidum
694 1419 902 1469 stillato.
967 1416 1299 1477 sanguinariae
1330 1421 1505 1471 herbae
1537 1435 1672 1464 sucus
1705 1423 1773 1464 te-

89 1489 228 1545 pidus
270 1488 478 1532 stillatus
518 1487 700 1532 aurium
733 1487 915 1530 dolores
949 1489 996 1530 et
1034 1486 1192 1530 ulcera
1225 1489 1382 1531 sanat.
1436 1486 1679 1542 caprinum
1708 1485 1773 1529 fel

91 1557 174 1598 aut
203 1554 434 1598 bubulum
457 1568 514 1598 ex
537 1556 670 1598 aceto
694 1552 861 1597 tritum
883 1552 1115 1597 infundes.
1158 1551 1371 1607 quamvis
1396 1566 1562 1608 graves
1589 1552 1770 1595 dolores
1796 1562 1839 1593 20

91 1623 240 1666 sanat.
258 1620 364 1664 rubi
380 1619 621 1678 tenerrimi
638 1633 772 1663 sucus
791 1633 962 1674 aquam
979 1618 1036 1662 de
1046 1617 1237 1662 auribus
1255 1620 1303 1661 et
1321 1617 1527 1662 dolorem
1544 1620 1771 1675 amputat.

89 1686 320 1730 fracturas
353 1685 536 1729 aurium
567 1687 737 1729 sanant
758 1684 895 1728 bulbi
917 1683 1016 1728 triti
1043 1683 1254 1740 impositi
1278 1685 1326 1727 et
1350 1686 1480 1728 sexto
1507 1684 1582 1728 die-
1615 1684 1772 1728 soluti.

91 1766 268 1809 cannae
299 1751 464 1797 viridis
481 1765 633 1798 sucus
665 1750 852 1807 tepidus
885 1750 1075 1794 auribus
1099 1749 1359 1794 instillatus
1383 1750 1503 1794 mira
1531 1750 1772 1794 celeritate

90 1833 224 1863 aures
250 1821 399 1875 sanat.
449 1818 515 1862 sic
540 1816 774 1861 coriandri
797 1816 960 1860 viridis
987 1830 1122 1860 sucus
1154 1830 1260 1860 cum
1282 1816 1422 1861 melle
1444 1816 1618 1860 mixtus
1642 1816 1771 1861 facit.

91 1885 130 1928 si
171 1887 414 1941 apostema
452 1886 617 1927 natum
655 1883 705 1926 in
744 1881 934 1926 auribus
973 1882 1134 1939 fuerit,
1174 1882 1303 1939 prius
1343 1897 1449 1926 cum
1487 1882 1598 1926 lana
1637 1896 1771 1926 aures
1796 1890 1837 1923 25

212 1994 234 2031 1
262 1988 410 2032 celere
442 2002 478 2031 r.
542 2017 544 2020 -
599 2001 644 2042 p
678 2000 720 2029 v.
753 1986 810 2039 cf.
846 1985 997 2030 Marc.
1023 1999 1072 2042 p.
1108 1989 1188 2040 50,
1219 1988 1294 2029 20.
1454 1990 1479 2029 2
1514 1999 1601 2042 exp
1604 1985 1703 2029 lent
1733 2001 1769 2030 r.

63 2095 65 2097 ,
90 2047 233 2091 herbe
264 2045 509 2104 millefolie
541 2060 577 2089 r.
732 2048 756 2086 6
788 2044 895 2087 haec
925 2057 1018 2087 ‘non
1048 2050 1207 2088 eaeta‘nt
1236 2046 1290 2087 in
1319 2058 1356 2087 r.
1494 2044 1692 2088 stricilla
1724 2046 1769 2089 b:

90 2105 296 2162 strigiles
327 2120 363 2150 r.
413 2105 469 2159 cf.
512 2101 685 2159 strigili
730 2101 908 2146 ferreae
946 2101 1150 2146 inditum
1186 2117 1260 2159 ap.
1294 2102 1444 2147 Marc.
1471 2118 1520 2159 p.
1553 2106 1667 2158 102,
1697 2106 1768 2147 30.

88 2164 138 2207 111
185 2163 359 2220 strigili
406 2160 652 2206 calefacies
693 2161 751 2205 ib.
778 2175 828 2217 Ρ.
862 2163 973 2215 105,
1004 2165 1077 2206 24.
1124 2167 1165 2205 et
1194 2165 1276 2215 96,
1310 2165 1350 2205 1
1555 2166 1609 2204 12
1650 2161 1771 2206 cale-

89 2222 267 2266 faciens
300 2223 348 2266 et
377 2237 414 2267 r.
560 2233 671 2263 aure
704 2220 750 2263 b:
784 2232 891 2262 —re
923 2234 961 2264 r.
1086 2224 1139 2262 13
1172 2221 1220 2263 et
1252 2221 1389 2262 sanat
1420 2221 1465 2264 b.
1500 2235 1583 2264 om.
1614 2235 1651 2265 r.

91 2281 228 2340 edere
259 2295 296 2326 r.
395 2318 400 2322 .
432 2283 485 2323 14
519 2278 723 2322 stilletur
752 2293 789 2322 r
943 2281 997 2320 15
1028 2277 1202 2321 loeium
1234 2279 1281 2322 b.
1314 2277 1490 2320 lucium
1519 2293 1556 2322 r.
1678 2292 1771 2322 ser-

90 2341 201 2383 vato
234 2341 282 2383 et
311 2354 348 2384 r.
471 2337 619 2381 celere
649 2352 687 2381 r.
829 2340 883 2379 16
914 2335 1079 2379 v'iridis
1113 2350 1247 2381 sucus
1279 2351 1316 2381 r.
1468 2336 1671 2380 cannabi
1702 2351 1771 2381 se-

88 2397 214 2443 mine
246 2399 291 2442 b:
326 2410 474 2441 canna
507 2395 657 2440 viride
690 2394 864 2445 semine
899 2396 1001 2450 (sie)
1033 2409 1070 2439 r.
1102 2396 1159 2450 cf.
1194 2395 1345 2439 Marc.
1371 2409 1421 2451 p.
1449 2398 1554 2450 107,
1578 2399 1663 2442 17..

92 2461 146 2500 17
181 2470 316 2500 sucus
348 2455 592 2511 tepidusr
567 2470 604 2499 r.
750 2453 954 2513 berbene
986 2468 1022 2498 r.
1157 2457 1212 2495 18
1246 2452 1477 2496 stillatum
1506 2465 1543 2498 r.
1666 2468 1770 2497 san-

0 2542 6 2547 ·
89 2514 348 2571 guinariae:
380 2516 437 2569 cf.
471 2514 618 2558 Marc.
638 2528 686 2569 p.
712 2515 815 2566 102,
838 2515 912 2556 26.
1000 2516 1053 2555 19
1088 2510 1178 2554 dol'
1206 2513 1245 2567 b,
1279 2511 1486 2555 dolorem
1515 2527 1552 2557 r.
1638 2517 1694 2555 20
1714 2526 1771 2556 ex

48 2579 173 2618 ‘om
209 2575 246 2618 b.
399 2571 579 2615 infund’
613 2573 652 2627 b,
683 2570 801 2614 —de
832 2585 869 2614 r.
976 2583 1169 2627 gravem
1200 2569 1408 2614 dolorem
1438 2585 1474 2615 r.
1560 2575 1614 2614 21
1640 2571 1787 2616 rubi:-

92 2634 148 2687 εἴ.
175 2632 326 2677 Marc.
346 2646 396 2688 Ρ.
416 2633 520 2686 102,
538 2633 610 2675 33.
704 2628 836 2673 dolor
855 2630 957 2685 (sic)
977 2631 1016 2685 b,
1043 2628 1303 2675 doloremr.
1394 2633 1449 2672 22
1467 2628 1698 2673 fracturas
1722 2632 1767 2675 b:

1415 2698 1437 2721 Ο

89 2732 346 2776 fracturam
375 2748 413 2778 r.
596 2734 766 2776 sanant
796 2732 841 2776 b:
874 2733 1007 2775 curat
1040 2732 1142 2788 (sic)
1175 2746 1212 2776 r
1391 2731 1456 2775 VI
1488 2734 1534 2777 b:
1568 2734 1700 2776 sexta
1730 2748 1767 2778 r.

92 2796 147 2834 23
179 2789 315 2835 virid'
343 2793 389 2837 b.
422 2791 539 2849 —de
571 2806 609 2836 r.
761 2789 949 2847 tepidus
983 2791 1028 2835 b.
1061 2804 1144 2835 om.
1175 2805 1212 2834 r
1330 2789 1552 2835 -stillatus
1582 2807 1619 2837 r.

93 2854 150 2893 24
188 2858 322 2894 aures
352 2852 397 2895 b:
448 2849 655 2895 dolorem
691 2865 729 2895 r.
925 2853 981 2893 25
1026 2850 1142 2893 natu
1188 2848 1238 2891 in
1283 2848 1473 2894 auribus
1513 2852 1558 2895 b:
1605 2850 1769 2894 innata

90 2908 281 2963 auribus
297 2924 334 2954 r.
457 2908 600 2953 fuerit
629 2923 711 2954 om.
744 2924 781 2953 r.
