1988 3184
860 125 1173 176 GYNAEOIA.
1727 122 1837 176 433

12 263 13 283 ³
146 257 335 302 rebrum
362 257 575 300 nostrum
602 269 680 300 ve·
727 256 847 300 endo
879 254 1174 300 calefaciant.
1207 256 1260 298 ut

63 319 65 322 ⁴
109 334 119 339 *
147 315 384 360 stiendum
427 313 681 358 caleficerit
728 316 777 358 et
817 316 980 359 estum.
1022 313 1099 358 vel
1137 313 1260 357 calo-

10 374 11 385 *
55 375 59 419 s
147 375 196 418 et
220 372 384 417 statim
407 387 435 416 a
460 372 581 416 soles
605 386 681 416 ca·
726 386 826 417 rem
851 372 962 416 solis
986 371 1163 416 viciare
1187 385 1260 415 00-

53 432 66 461 ῑῗ
146 432 268 476 10100
300 430 540 475 cerebrum
570 444 680 474 eun·
726 431 861 475 rebro
881 445 976 475 non
998 429 1257 487 permittat.

149 491 256 534 dem
280 489 503 534 defendat
525 502 584 533 00
611 488 680 533 vi-

147 548 296 593 cietur

207 668 269 722 (4)
300 639 422 708 111110.
455 677 545 719 (1110
574 677 681 707 000-
785 665 847 720 (4)
860 662 970 706 111110
984 676 1094 719 ergo
1105 662 1261 706 calva·
1366 664 1427 719 (4)
1458 662 1541 706 ubi
1564 676 1673 707 vero
1701 664 1840 720 galea

145 725 366 791 tenentur
375 721 681 779 spiritalisvi-
726 721 824 765 riae
868 721 1114 766 subiacent
1143 723 1261 765 tem·
1307 722 1390 765 est.
1441 721 1686 766 subiacent
1731 722 1839 766 tim-

147 782 220 826 nis
275 780 454 826 cerebri
511 780 680 836 quibus
726 794 854 836 pora.
881 794 1001 835 quae
1020 779 1259 823 continen-
1305 793 1421 835 pora
1435 793 1525 835 que
1543 780 1840 825 continentur

151 854 288 898 super
345 839 503 896 posita
572 840 682 884 sunt
726 841 803 882 tur
820 838 1112 895 spiritalibus
1129 838 1260 882 venis
1308 837 1600 894 spiritalibus
1618 839 1749 883 venis
1768 853 1839 883 ce-

150 898 400 965 supercilia
439 899 547 941 sunt
591 910 681 952 que
728 897 918 942 cerebri.
935 896 1105 952 quibus
1125 910 1262 952 super
1306 896 1444 941 rebri.
1494 897 1663 952 quibus
1703 912 1841 955 super

147 958 244 1015 pilo
269 956 443 1002 vestita
466 957 519 999 ut
540 955 579 999 si
604 969 680 999 cu-
726 955 872 1012 positi
889 957 998 999 sunt
1011 954 1261 1021 supercilia
1306 954 1463 1010 posita
1517 958 1625 1022 sunt
1683 970 1839 1012 super-

150 1016 324 1073 piosus.
398 1015 539 1058 sudor
598 1027 683 1071 per
726 1013 837 1070 pilis
884 1013 1072 1058 vestita.
1128 1015 1183 1057 ut
1223 1012 1262 1056 si
1308 1012 1431 1057 cilia.
1469 1015 1523 1057 ut
1554 1013 1594 1057 si
1626 1014 1840 1070 copiosus

147 1075 300 1120 fr0nte
326 1074 567 1118 diravatus
583 1072 682 1116 fue·
728 1072 942 1130 copiosus
999 1072 1139 1115 sudor
1179 1085 1263 1128 per
1309 1071 1451 1115 sudor
1472 1071 1617 1115 fronti
1641 1073 1840 1117 advene-

149 1134 213 1178 rit
229 1134 456 1190 opposeta
474 1131 681 1176 stacione
727 1131 930 1176 frontem
1021 1130 1260 1174 derivatus
1306 1130 1382 1173 rit.
1439 1130 1657 1186 obposita
1718 1134 1841 1175 osta-

148 1192 353 1249 pilorum
403 1192 682 1234 contenean-
728 1189 1048 1246 fuerit.posita
1057 1188 1262 1233 factione
1307 1188 1436 1232 tione
1467 1189 1671 1245 pilorum
1694 1189 1841 1234 conti-

152 1254 229 1295 tur
245 1252 403 1294 amuto
419 1248 565 1305 polici
590 1247 683 1292 001-
727 1248 931 1305 pilorum
951 1248 1260 1291 contineatur.
1307 1249 1456 1292 netur.
1474 1248 1620 1291 donec
1634 1250 1841 1292 extersus

150 1309 290 1353 lictus
346 1308 486 1351 sudor
536 1306 681 1350 0011110
731 1308 878 1350 donec
911 1306 1068 1350 omnia
1105 1308 1261 1349 amato
1309 1306 1450 1349 sudor
1467 1306 1527 1349 ab
1547 1306 1692 1350 oculis
1714 1307 1840 1350 aufe-

153 1368 355 1411 subesse.
370 1367 680 1422 nonpossent.
729 1365 881 1422 police
921 1364 1144 1408 collectus
1189 1379 1263 1407 su·
1309 1366 1452 1408 ratur.

732 1424 815 1467 dor
827 1436 993 1466 nocere
1005 1437 1102 1467 non
1112 1422 1263 1479 possit

733 1481 918 1526 00011110.

211 1618 273 1673 (5)
336 1613 471 1658 Oculi
528 1614 686 1656 autem
791 1615 851 1669 (5)
901 1611 1052 1656 occuli
1107 1613 1265 1655 autem
1368 1614 1429 1668 (5)
1486 1611 1610 1655 oculi
1657 1625 1841 1666 quoqne

151 1674 244 1731 ipsi
276 1673 407 1718 vulvi
431 1674 684 1716 contenun-
730 1672 781 1715 in
798 1685 846 1715 se
863 1671 1160 1714 continentur
1175 1669 1263 1712 hoc
1309 1670 1399 1713 iste
1447 1671 1648 1713 scemate
1696 1670 1842 1713 conti-

152 1736 229 1777 tur
246 1732 478 1788 quomodo
503 1744 559 1774 ex
580 1729 686 1773 basi
731 1730 869 1796 modo
896 1743 952 1773 ex
967 1730 1095 1772 base.
1122 1728 1172 1770 id
1194 1729 1265 1771 est
1309 1730 1489 1772 nentur.
1518 1743 1573 1771 ex
1589 1742 1701 1772 vaso
1719 1728 1843 1771 enim

154 1792 341 1836 cerebre
403 1790 494 1832 duo
563 1788 686 1831 fora·
731 1788 782 1831 in
811 1788 1116 1831 fundamento
1141 1799 1264 1829 cere·
1311 1787 1488 1831 cerebri
1498 1786 1726 1830 foramina
1741 1789 1843 1829 orta

154 1864 291 1895 mena
345 1848 557 1892 oriuntur
604 1860 688 1902 per
732 1846 806 1890 bri
875 1847 965 1889 duo
1034 1844 1265 1888 foramina
1312 1847 1420 1888 sunt
1452 1846 1555 1889 duo
1589 1859 1672 1901 per
1703 1859 1843 1900 quam

155 1923 244 1964 (1110
284 1906 556 1951 tenuissime
609 1918 687 1948 ve-
734 1904 958 1949 oriuntur.
1006 1917 1090 1959 per
1128 1916 1266 1957 (111010
1310 1903 1582 1962 tenuissime
1599 1917 1715 1960 vene
1735 1904 1842 1946 dex-

154 1981 244 2034 nae
277 1967 333 2009 de
356 1967 491 2021 parte
524 1964 687 2007 dextra
732 1962 1006 2007 tenuissime
1052 1974 1169 2005 vene
1214 1960 1264 2003 in
1310 1964 1384 2028 tra
1415 1962 1612 2017 levaque
1649 1961 1842 2005 alternis

155 2025 205 2068 in
259 2026 473 2068 senextra
523 2024 571 2066 et
631 2022 687 2064 de
732 2023 866 2078 parte
899 2021 1090 2064 dextera
1125 2021 1173 2063 et
1204 2020 1263 2062 si-
1310 2020 1360 2063 in
1399 2020 1549 2064 vicem
1588 2020 1653 2063 sic
1696 2020 1843 2064 conti-

157 2085 373 2127 senextra
410 2081 461 2124 in
492 2081 689 2124 alteram
732 2080 882 2123 nistra
933 2078 1103 2122 bulbus
1158 2091 1263 2121 0011-
1310 2081 1480 2123 nentur

157 2144 341 2198 partem
378 2140 549 2183 bulbus
583 2153 688 2182 ocu-
734 2139 884 2182 lorum
915 2136 1136 2181 continet.

157 2200 311 2243 lorum
371 2199 687 2241 contenentur.

159 2257 294 2302 bulbi
308 2255 567 2311 autemipsi
583 2269 689 2298 000-
734 2253 869 2298 bulbi
883 2255 1041 2297 autem
1054 2252 1147 2308 ipsi
1161 2266 1267 2296 000-
1312 2253 1466 2297 tonice
1500 2255 1619 2297 sunt.
1644 2253 1742 2297 ΙΠΙ.
1768 2252 1844 2296 vel

159 2317 378 2360 tenentur
401 2314 572 2358 tunicis
590 2313 689 2357 [HI.
736 2311 1124 2356 tinenturtonicis
1135 2311 1268 2365 quin·
1316 2312 1381 2357 .V.
1395 2311 1546 2368 prima
1569 2311 1739 2355 tonica.
1766 2325 1846 2367 ap-

162 2378 239 2419 vel
258 2374 312 2418 V.
348 2375 396 2417 et
418 2372 690 2415 humoribus
737 2385 825 2426 que
880 2372 927 2414 et
981 2369 1267 2412 humoribus.
1314 2370 1519 2427 pellatur
1561 2369 1844 2425 cerotoydes

161 2433 325 2477 tribus.
348 2431 500 2488 prima
525 2432 596 2474 est
618 2432 692 2473 tu·
736 2429 887 2486 prima
935 2427 1095 2471 tonica
1136 2441 1270 2471 voca-
1317 2429 1533 2473 secunda.
1546 2428 1846 2483 croydester-

162 2491 269 2534 nica
308 2504 397 2546 que
445 2489 690 2545 apellatur.
737 2490 826 2532 tur.
860 2486 1021 2530 cirato.
1068 2486 1271 2530 secunda
1345 2487 1427 2531 tia.
1472 2486 1805 2541 honoeroydes.

164 2548 400 2593 cheratho.
434 2547 485 2590 icl
509 2549 592 2591 est.
624 2560 693 2590 se-
737 2559 864 2602 rogo.
919 2544 1063 2588 tertia
1111 2545 1271 2588 archa-
1318 2547 1499 2601 quarta.
1590 2544 1845 2600 discoydes

164 2607 328 2652 cunda
391 2619 520 2662 rugo.
576 2605 690 2649 ides.
737 2619 861 2648 num.
912 2604 1081 2658 quarta
1129 2603 1270 2647 disco.
1318 2603 1496 2659 quinta.
1566 2602 1847 2646 christalloi-

164 2665 312 2710 tercia
381 2677 568 2720 aragne.
643 2663 695 2706 id.
739 2662 905 2718 quinta
935 2661 1159 2718 kapister.
1320 2663 1414 2707 des.

165 2726 237 2769 est
254 2725 423 2779 quarta
445 2721 692 2765 discuides.

166 2782 332 2838 quinta
371 2779 630 2838 capistello.
663 2779 693 2823 i.

170 2842 264 2885 des.

335 2913 526 2968 III(D)
918 2910 1001 2954 IV
1019 2910 1100 2966 (P)
1517 2909 1655 2966 V(C')

257 2995 480 3028 Theodorus
502 2993 735 3032 Priscianus,
760 2992 816 3025 ed„
838 2992 968 3025 Bone.
1526 2986 1583 3026 28
