1950 3172
640 698 910 757 Theodori
954 699 1231 758 Prisciani

804 849 1056 904 Physica.

246 961 492 1010 Scribenti
545 955 681 1011 mihi'
722 962 781 1011 de
832 962 984 1026 fysica
1039 964 1267 1027 scientia,
1322 976 1417 1026 qua
1469 967 1518 1010 te
1568 958 1831 1011 maximeI

19 1064 22 1068 Δ
98 1034 334 1097 delectari
371 1034 625 1102 intellege,
673 1035 898 1085 sufficere
946 1034 1160 1084 arbitror
1206 1035 1264 1083 ad
1305 1034 1781 1084 commendationem

0 1123 2 1130 ⁸
84 1110 265 1174 >operis
302 1107 559 1158 Menandri
605 1111 781 1158 comici
818 1110 1014 1174 insigne
1054 1115 1411 1173 argumentum.
1480 1107 1609 1173 apud
1648 1110 1780 1158 cives
1828 1119 1857 1153 5

100 1197 213 1231 cum
253 1182 529 1234 studiorum
584 1184 736 1232 annis>
763 1197 966 1247 magnae
1015 1184 1250 1232 scientiae
1301 1181 1547 1231 laboraret
1584 1182 1781 1249 invidia,

100 1255 395 1321 produxisse
442 1258 494 1304 in
539 1255 786 1305 theatrum
831 1256 990 1305 fertur
1038 1271 1177 1305 suem
1222 1262 1367 1321 partu
1419 1255 1641 1322 plenam,
1686 1256 1781 1305 hoc
1839 1299 1844 1303 .

100 1331 233 1378 enim
278 1331 330 1377 in
369 1328 476 1378 loco
524 1329 901 1379 celeberrimum
947 1330 1248 1378 atheniensis
1296 1329 1603 1394 eloquentiae
1644 1330 1780 1379 audi-

96 1404 281 1451 torium
314 1403 754 1469 erat,'produxisse
795 1405 994 1467 inquam
1034 1403 1432 1467 exspectantibus
1473 1403 1779 1452 auditoribus

98 1475 295 1540 plenam
350 1491 489 1525 suem
541 1475 709 1540 ibique
771 1478 878 1525 eius
933 1482 1184 1526 exsectum
1237 1482 1435 1525 uterum
1489 1478 1541 1525 in
1593 1475 1778 1541 Euripo
1806 1488 1857 1520 ιο

453 1549 620 1598 fuisse.
669 1564 878 1614 cumque
918 1550 1168 1598 interfecti
1202 1565 1367 1634 'paene
1416 1549 1562 1598 doctu
1614 1556 1780 1598 tamen

96 1628 300 1671 naturae
334 1628 610 1689 agerentur
634 1623 957 1672 Athenienses
983 1625 1146 1687 inquit
1168 1625 1276 1689 viri
1310 1624 1351 1671 si
1375 1625 1426 1671 in
1450 1624 1612 1688 parvis
1639 1626 1779 1672 annis

100 1698 358 1745 scientiam
389 1711 549 1745 meam
587 1698 851 1763 miramini,
889 1698 1010 1745 istos
1049 1702 1218 1745 natale
1260 1698 1371 1760 quis
1411 1693 1614 1746 docuit?

246 1769 361 1818 hinc
409 1769 663 1818 adveitere
705 1770 872 1836 datur,
922 1769 1141 1819 Eusebi
1187 1769 1471 1819 dulcissime
1517 1769 1838 1820 filiolorumZ

98 1858 338 1909 meorum,
378 1849 568 1907 gratum
608 1843 731 1891 mihi
768 1845 1118 1892 testimonium.
1187 1843 1298 1908 plus
1320 1846 1467 1903 ‚enim
1499 1845 1551 1892 in
1588 1850 1638 1893 te
1671 1859 1778 1894 amo
1804 1856 1852 1889 15

98 1915 280 1965 laboris
326 1918 425 1965 mei
472 1931 648 1986 operae
694 1918 906 1980 pretium
955 1923 1003 1966 et
1043 1917 1172 1981 quod
1212 1923 1266 1966 tu
1310 1917 1433 1965 mihi
1478 1932 1609 1966 nuuc
1658 1919 1779 1967 scri-

96 1988 236 2039 benti
282 1991 549 2053 contigeris
590 1990 794 2038 auditor.
881 1990 981 2039 dixi
1029 1991 1172 2039 datur
1211 1990 1487 2056 advertere,
1543 1997 1780 2055 quantum

101 2069 348 2112 naturae
388 2065 461 2111 vis
507 2069 670 2127 pateat
715 2065 767 2111 in
815 2063 1043 2113 omnibus
1090 2064 1348 2113 elementis
1395 2079 1663 2129 eorumque
1705 2081 1780 2114 se-

220 2223 241 2261 1
284 2218 444 2263 Huius
483 2218 591 2263 libri
626 2219 930 2279 fragmentum
968 2232 1053 2276 quo
1090 2233 1183 2263 uno
1221 2224 1346 2264 extat
1383 2220 1532 2265 codice
1569 2220 1779 2265 Bruxell

96 2290 131 2320 s.
158 2276 273 2320 XII
296 2277 403 2332 (B),
441 2277 522 2321 hoc
558 2278 624 2321 sie
661 2275 927 2322 inscribitur
963 2277 1092 2334 incip
1094 2277 1133 2321 it
1171 2278 1227 2322 de
1265 2277 1408 2322 fisiois
1439 2278 1501 2321 ad
1545 2278 1781 2323 octavium

98 2333 340 2379 eusebium
376 2334 525 2379 filium
564 2335 677 2380 eius.
739 2336 988 2381 Eusebium
1032 2339 1127 2394 ipse
1174 2338 1283 2381 libri
1327 2342 1476 2381 textus
1522 2343 1783 2393 attestatur,

99 2393 337 2438 Octavium
358 2395 543 2449 finxisse
564 2395 743 2440 videtur
765 2396 983 2440 librarius
1002 2401 1191 2452 propter
1204 2395 1440 2440 Octavium
1449 2395 1786 2452 Horatianum,

96 2466 224 2509 quem
247 2454 448 2509 putabat
478 2454 588 2498 libri
617 2458 809 2510 patrem.
849 2455 914 2498 sic
950 2457 1086 2499 etiam
1123 2456 1440 2512 yynaeciomm
1478 2456 1590 2499 liber
1618 2456 1688 2500 II.
1722 2457 1781 2501 ab

95 2511 190 2555 alio
221 2513 416 2567 quodam
446 2513 634 2556 additus
664 2513 725 2557 ad
753 2512 989 2557 Octavium
1020 2514 1248 2558 scribitur.
1299 2527 1377 2570 eqo
1407 2515 1557 2570 ipsum
1587 2515 1781 2560 codicem

94 2571 284 2615 unicum
317 2571 446 2624 (lieet
481 2572 678 2616 incertae
713 2571 822 2626 fidei
858 2574 1026 2622 testem)
1073 2585 1232 2628 sequor
1271 2572 1513 2627 (collatum
1544 2587 1586 2617 α
1618 2576 1782 2629 1876),

95 2629 287 2684 empulsa
309 2629 569 2673 Hermanni
598 2630 653 2674 de
675 2629 871 2676 Nuenar
900 2631 1206 2675 emendatione
1228 2631 1494 2675 arbitraria.
1658 2635 1686 2674 4
1718 2632 1780 2676 ad

102 2699 266 2731 comm.
300 2686 450 2744 operis
482 2701 564 2733 om.
597 2687 716 2732 Neu.
824 2691 850 2731 5
879 2687 1003 2732 cives
1036 2689 1162 2747 [suos
1194 2690 1300 2733 add.
1332 2689 1486 2747 Neu..]
1595 2694 1651 2734 10
1674 2697 1780 2748 post

10 2789 13 2792 Α
97 2744 259 2802 euripo
305 2747 459 2792 album
496 2748 548 2791 in
591 2748 684 2791 eod.
726 2748 772 2803 (i.
813 2761 846 2792 e.
886 2746 1031 2791 fuisse
1076 2747 1336 2805 proiectum
1375 2749 1479 2793 add.
1512 2748 1655 2795 Nem:
1702 2751 1780 2795 sed

98 2805 240 2849 multo
264 2805 409 2861 plura
439 2806 732 2863 exciderunt).
827 2810 878 2849 11
909 2806 1049 2850 doctu
1072 2807 1138 2852 B:
1173 2807 1315 2850 ductu
1339 2806 1457 2852 Neu.
1485 2813 1617 2863 (recte
1639 2809 1776 2865 fort..)

100 2866 158 2909 14
187 2861 389 2908 filiorum
418 2863 536 2909 Neu.
631 2868 684 2908 15
717 2863 827 2909 Plus
858 2865 924 2910 B:
956 2865 1107 2910 Valde
1138 2866 1255 2911 Neu.
1366 2870 1419 2909 16
1453 2879 1589 2924 opere
1622 2869 1780 2924 (—rae

97 2921 236 2980 Neu.)
266 2922 474 2980 precium
504 2923 562 2968 B.
