1950 3172
651 153 1094 196 ADDITAMENTA.
1603 149 1710 202 279

29 287 307 330 sentaneum
351 287 435 330 est.
506 297 731 328 araneum
774 283 936 328 vivum
973 284 1024 328 in
1072 283 1194 328 00110
1242 282 1498 340 suspende,
1547 281 1711 339 digitis

33 352 215 396 duobus
246 351 478 396 medianis
516 351 567 394 in
606 351 771 395 dextra
802 364 944 395 manu
974 349 1151 407 ligatis.
1220 349 1309 394 hoc
1349 351 1396 393 et
1435 348 1713 405 lippitudini

30 418 280 542 medziialin
312 485 359 528 et
390 482 733 540 gargarismum
762 482 837 526 his
869 482 1042 527 adhibe
1073 481 1286 538 tepidum
1319 495 1443 537 aqua
1474 481 1550 526 vel
1580 481 1712 525 meli-

31 552 162 594 crato
193 549 276 593 ubi
309 548 545 594 decoxeris
577 551 661 593 aut
690 548 965 593 lenticulam
1002 547 1078 592 vel
1117 548 1255 591 sorba
1294 549 1377 591 aut
1407 546 1605 603 mespila
1635 546 1712 591 vel
1759 559 1779 591 5

30 615 209 672 gallam
239 616 316 660 vel
346 617 550 659 murtam
580 614 655 659 vel
688 616 844 659 cetera
869 613 1068 658 similem
1098 613 1322 657 virtutem
1352 612 1591 657 habentia.

135 703 213 747 Ad
234 704 276 758 I,
301 707 361 748 19
386 706 486 758 (60)
510 702 587 746 De
618 701 849 746 ustione
882 701 1108 745 calidae
1143 703 1264 757 (post
1295 701 1609 758 adhibentur).

149 768 323 826 Recipe
347 768 535 825 adipem
557 767 849 812 berbicinum
873 767 902 812 i.
922 772 959 812 e.
985 767 1139 812 mellis
1164 767 1352 810 unciam
1376 767 1498 811 aceti
1523 766 1711 810 unciam
1737 766 1854 824 (XX)

29 834 81 877 in
110 849 254 878 unum
293 834 355 878 ad
391 834 557 879 tertias
591 835 797 889 decoque
829 836 877 878 et
907 833 957 877 in
995 834 1185 877 modum
1224 833 1370 877 ceroti
1411 833 1608 877 linteolo
1641 832 1711 876 in-

30 901 223 945 ductum
253 901 477 958 impones,
542 901 837 945 combusta
870 900 935 944 de
967 899 1158 943 calida
1189 899 1280 943 ‘vel
1325 900 1387 943 de
1420 899 1551 955 igne
1583 898 1711 943 facta
1736 913 1778 944 ιο

28 969 179 1012 sanat.
227 967 344 1011 folia
376 966 712 1011 cauliculorum
737 967 910 1025 <cum>
935 966 1037 1011 oleo
1068 979 1201 1009 roseo
1234 965 1434 1022 impone.
1478 965 1712 1009 lactucam

27 1033 192 1078 tritam
223 1033 409 1077 assidue
441 1033 692 1090 imponito,
735 1045 820 1076 nec
861 1031 1129 1076 cicatricem
1165 1031 1402 1087 relinquit.
1451 1033 1632 1074 tumore
1665 1033 1712 1075 et

28 1099 364 1157 suppuratione
399 1101 565 1144 deusta
598 1099 808 1155 sanabis,
844 1098 883 1141 si
915 1098 1086 1142 herbae
1118 1097 1371 1142 urceolaris
1404 1097 1520 1141 folia
1554 1112 1711 1154 super-

28 1166 239 1223 impones
272 1166 486 1211 contrita.
548 1166 637 1209 hoc
670 1168 717 1210 et
748 1165 955 1209 liliorum
984 1164 1157 1208 radicis
1191 1163 1362 1207 bulbus
1403 1164 1631 1208 contritus
1665 1167 1712 1208 et
1740 1187 1747 1191 -

26 1231 274 1288 impositus
313 1231 442 1276 facit.
504 1231 718 1288 pustulas
759 1245 815 1275 ex
854 1230 1176 1274 combustione
1214 1244 1309 1273 non
1351 1230 1532 1286 patitur
1570 1230 1709 1286 exire,
1737 1242 1777 1273 15

27 1296 70 1340 si
100 1296 282 1340 murtae
314 1296 533 1341 foliorum
573 1297 689 1341 cinis
731 1311 945 1354 aspersus
984 1295 1138 1340 fuerit.
1203 1298 1310 1339 usta
1343 1299 1480 1340 sanat
1512 1299 1559 1340 et
1588 1296 1709 1353 pilos

27 1365 218 1407 revocat
248 1377 391 1407 ranae
423 1363 694 1407 combustae
726 1363 842 1407 cinis
869 1377 1095 1419 aspersus.
1145 1362 1358 1407 stercoris
1384 1362 1564 1419 caprini
1589 1377 1710 1407 com-

26 1429 157 1473 busti
190 1429 283 1473 cini
315 1429 481 1474 efficax
513 1432 584 1474 est
615 1429 874 1487 impositus.
907 1429 999 1472 lilii
1030 1428 1146 1473 folia
1177 1429 1291 1473 trita
1323 1428 1567 1485 imponito.

227 1518 305 1561 Ad
327 1519 368 1573 I,
392 1520 454 1562 20
481 1521 580 1573 (62)
614 1518 690 1562 De
723 1516 1093 1561 carbunculis
1127 1520 1249 1573 (post
1280 1516 1515 1573 liberant).

147 1583 270 1627 Nam
316 1585 363 1627 et
410 1597 521 1640 apes
569 1597 689 1638 quae
736 1584 786 1626 in
830 1583 968 1627 melle
1013 1582 1275 1627 moriuntur
1323 1582 1461 1626 tritas
1508 1582 1708 1639 impone.
1727 1579 1866 1639 (XXI)

25 1648 188 1691 fimum
233 1648 552 1692 columbinum
604 1648 770 1692 tritum
818 1662 978 1692 recens
1025 1648 1224 1705 impone.
1289 1650 1464 1691 stercus
1520 1647 1710 1692 ovinum
1735 1660 1776 1690 21

26 1714 282 1758 contritum
311 1714 484 1771 <cum>
514 1713 654 1758 melle
692 1714 963 1770 impositum
1003 1714 1118 1758 mire
1158 1713 1466 1758 carbunculos
1501 1713 1708 1770 discutit,

27 1780 277 1837 praecipue
317 1793 395 1824 eos
437 1779 518 1834 qui
556 1778 606 1822 in
644 1782 826 1824 veretro
865 1783 1132 1825 nascuntur.
1196 1783 1244 1824 et
1275 1780 1374 1824 sine
1412 1779 1552 1823 melle
1584 1779 1710 1824 idem

25 1845 156 1890 facit.
214 1848 389 1890 stercus
437 1844 679 1901 caprinum
724 1846 889 1889 tritum
934 1860 1040 1889 cum
1084 1846 1223 1890 melle
1274 1846 1473 1902 impone.
1530 1845 1707 1890 caricas

26 1912 225 1969 pingues
258 1915 305 1956 et
337 1926 559 1968 saponem
592 1914 638 1955 et
668 1912 794 1955 lasar
830 1912 934 1968 pari
971 1913 1175 1967 pondere
1220 1911 1475 1968 separatim
1505 1913 1627 1955 teres
1661 1914 1708 1955 et
1732 1923 1775 1955 25

26 1978 78 2021 in
102 1994 244 2022 unum
269 1978 538 2022 commisces
563 1978 771 2033 terendo,
803 1978 1046 2034 imponito,
1079 1978 1244 2034 aperit,
1278 1977 1457 2022 claudit
1482 1980 1529 2021 et
1558 1980 1706 2021 sanat.

26 2044 405 2102 potentissimum
427 2043 692 2088 ,remedium
724 2044 763 2087 si
794 2057 899 2087 cum
928 2057 1045 2087 nuce
1076 2046 1279 2100 purgata
1320 2044 1570 2087 carbonem
1602 2057 1708 2087 con-

24 2112 152 2154 teras
185 2113 234 2154 et
264 2110 492 2166 imponas.

26 2198 106 2243 Ad
127 2200 176 2253 I,
198 2201 257 2242 21
287 2201 384 2254 (65)
421 2198 484 2241 de
516 2197 852 2241 vulneribus
874 2181 1020 2272 ⁸(post
1052 2198 1222 2242 baccas
1254 2212 1290 2242 c.
1324 2211 1410 2242 res,
1443 2199 1606 2241 tunsas
1638 2198 1707 2240 in-

147 2330 196 2374 Si
226 2343 335 2374 vero
367 2329 488 2373 ferro
527 2329 726 2372 incisum
756 2265 1031 2373 vliiqiliiitffrel
1067 2332 1307 2385 apostema
1345 2329 1508 2384 fuerit,
1556 2328 1645 2372 lin·
1699 2275 1884 2385 (ΞΟΧΠΙ)

25 2398 105 2440 tea
143 2395 298 2439 infusa
338 2395 435 2439 acri
474 2398 607 2439 aceto
647 2409 752 2439 cum
790 2395 887 2439 sale
933 2395 1080 2438 mixto
1119 2395 1370 2451 imponito,
1416 2397 1463 2438 et
1511 2395 1710 2450 desuper

146 2561 169 2599 1
204 2559 260 2612 cf.
295 2557 442 2601 Marc.
470 2570 519 2612 p.
547 2559 648 2600 139.
683 2560 755 2600 19.
879 2555 1119 2612 Suspend'3
1154 2555 1294 2614 digiti
1327 2557 1418 2600 duo
1450 2557 1706 2601 median...

24 2615 167 2673 ligati
196 2619 262 2660 3ἱο
293 2617 330 2659 b.
483 2619 511 2657 4
541 2616 611 2659 his
642 2616 735 2659 iam
765 2616 882 2660 redit
911 2617 973 2659 ad
1009 2616 1306 2660 Theodorum.
1441 2615 1708 2661 mellicratfi

25 2679 54 2717 6
86 2673 226 2717 mirta
258 2676 296 2718 b.
449 2677 474 2716 8
506 2676 549 2727 R
580 2675 625 2718 b:
659 2687 742 2718 om.
775 2689 798 2718 c
824 2678 971 2730 (quem
1000 2675 1110 2729 vidi,
1141 2688 1235 2718 ‘non
1265 2675 1470 2728 contuli).
1604 2675 1634 2721 i.
1667 2680 1705 2720 ὂ.

27 2731 183 2776 Mellis
215 2742 274 2781 ÷
303 2731 467 2775 Acoeti
490 2742 549 2780 ÷
580 2734 618 2777 b.
793 2737 846 2776 11
881 2746 987 2776 cum
1017 2747 1099 2777 om.
1133 2734 1171 2777 b.
1326 2737 1380 2776 13
1414 2734 1633 2778 deustata
1666 2737 1704 2779 b.

24 2789 268 2834 orciolaris
301 2792 338 2835 b.
462 2804 599 2847 super
629 2797 770 2847 ipone
803 2793 840 2836 b.
994 2796 1048 2836 16
1080 2791 1217 2836 mirte
1250 2793 1288 2836 b.
1441 2797 1495 2836 17
1529 2795 1705 2838 stercus

25 2851 173 2906 (-c‘³)
206 2849 447 2906 caprinum
477 2849 770 2894 combustum
801 2852 839 2895 b.
962 2855 1017 2894 22
1051 2850 1384 2894 carbunculum
1416 2853 1454 2896 b.
1547 2857 1603 2896 23
1628 2866 1707 2897 ve-

23 2939 152 2984 retrfi
185 2939 222 2983 b.
345 2942 401 2981 25
434 2951 630 2995 sapones
663 2939 700 2983 b.
824 2942 879 2981 27
912 2919 1088 2982 οῆὃοῐιό
1122 2941 1159 2984 b.
1294 2943 1349 2983 32
1382 2953 1489 2984 acro
1523 2941 1560 2986 b.
