1950 3172
122 552 144 585 5
165 541 319 591 veluti
372 554 484 589 caro
539 539 825 603 apparuerit
879 553 1026 603 quam
1073 538 1329 588 chemosin
1383 539 1709 607 appellamus,
1762 541 1905 594 hocf

77 908 145 961 37

59 984 138 1029 ’11

98 1292 140 1325 15

167 104 239 159 38
603 139 618 155 .
651 112 654 114 ’
685 105 1002 149 Tnaonoar
1030 103 1332 148 Pmsomm

164 244 431 311 pebrarum
485 244 770 310 emerserit,
824 241 1084 292 linteolum
1127 241 1369 293 mundum
1413 243 1591 310 butyro
1637 244 1770 296 infus
1820 235 1863 289 ιιέ

166 313 572 384 superimp'onito.
650 316 803 381 aliqui
841 331 957 366 vero
997 314 1223 365 umorem
1263 323 1589 382 procurantes
1626 318 1815 370 lacrim
1838 341 1862 364 :s
1892 330 1909 383 ‚33

165 398 250 444 aut
294 392 429 442 fumo
473 397 557 442 aut
601 397 792 440 terrore
831 388 909 439 vel
946 389 1103 454 plagis
1143 391 1508 456 extorquendas
1547 407 1658 443 esse
1696 392 1911 444 credi

164 467 360 517 derunt.
438 481 554 515 sane
595 466 639 513 si
677 466 730 513 in
766 465 927 529 prima
962 463 1093 513 oculi
1130 467 1300 514 tunica
1339 468 1608 531 sanguinea
1646 468 1871 517 nimium·

164 615 407 664 adiutorio
448 617 661 662 curatur.
739 626 935 661 muscas
976 627 1124 677 quam
1161 613 1400 678 plurimas
1433 630 1548 663 cum
1579 617 1658 664 ovi
1688 614 1886 665 vitello·

163 689 465 737 conterimus
520 692 569 734 et
622 687 674 734 in
727 685 930 735 linteolo
978 686 1162 736 mundo
1218 689 1686 753 superimponimus,
1741 688 1860 739 licet

163 763 311 811 etiam
358 759 574 825 collyriis
622 761 771 809 variis
819 766 868 809 et
915 776 1090 811 causae
1139 761 1534 827 competentibus
1580 778 1725 828 saepe
1774 779 1859 813 cu·

165 837 260 885 rati
299 837 410 884 sint.
1903 841 1914 906 J

313 910 565 958 serniosos
612 908 804 975 ocuIOS,
860 924 981 974 quas
1027 924 1118 959 nos
1166 911 1481 975 impetigines
1528 910 1763 977 dicimuS,
1811 902 1917 979 etsss

164 985 444 1049 asperitatis
478 984 610 1032 vitiis
643 982 940 1049 laboranteS‚
974 985 1045 1033 sic
1078 999 1252 1033 curare
1286 985 1648 1034 consuevimus,
1708 983 1860 1034 alium
1910 982 1922 998 ³

164 1060 455 1123 accipimUS‚
503 1059 555 1106 in
602 1058 743 1107 cuius
791 1057 1023 1106 encardio
1070 1057 1244 1107 bacula
1291 1058 1620 1123 spathomeles
1668 1058 1860 1108 occulta
1914 1090 1931 1114 s

163 1137 424 1197 postquam
463 1147 523 1180 ex
563 1146 621 1180 eo
654 1146 880 1180 umorem
918 1131 996 1181 vel
1032 1147 1207 1182 sucum
1246 1134 1490 1199 rapuerit,
1537 1134 1859 1197 inunguimus

164 1212 212 1255 et
252 1223 311 1256 ex
351 1221 408 1254 eo
448 1207 671 1271 pruritus
712 1211 760 1255 et
801 1222 949 1271 supra
990 1206 1120 1256 dicta
1161 1208 1278 1255 vitia
1318 1206 1664 1271 depurgamus.

312 1280 458 1329 aliud.
523 1295 672 1344 grana
711 1282 867 1329 tritici
914 1282 967 1329 in
1007 1279 1239 1329 lammina
1291 1281 1412 1329 ferri
1454 1280 1612 1330 calida
1658 1282 1858 1346 impono

165 1361 213 1403 et
259 1354 489 1403 similiter
541 1370 601 1403 ex
655 1370 772 1404 suco
830 1356 916 1419 qui
970 1356 1243 1404 manaverit
1299 1356 1518 1419 inunguo
1583 1369 1698 1403 cum
1744 1356 1859 1403 vino
1931 1383 1933 1386 ⁴

282 1562 308 1601 2
358 1556 570 1613 aliqui..
588 1558 925 1614 procurantes
960 1558 984 1601 b
1014 1556 1108 1601 Gal.
1144 1557 1378 1612 (curantes
1409 1558 1470 1612 νε)
1513 1554 1828 1612 Aliquibus.
1924 1603 1926 1605 ,

163 1615 524 1674 procurantibus
557 1594 614 1661 Β.
675 1617 784 1661 haec
824 1615 1077 1673 (aliqui—3
1117 1615 1432 1672 crediderunt)
1470 1616 1545 1660 hic
1583 1629 1665 1660 om.
1700 1630 1744 1669 r,
1785 1615 1862 1660 sed
1940 1637 1942 1639 ·

162 1678 293 1732 infra
322 1677 502 1733 supplet
525 1681 633 1733 post
663 1674 797 1719 iuvat
821 1691 869 1732 p
899 1679 971 1732 39,
1006 1681 1054 1721 2.
1273 1679 1299 1717 3
1332 1673 1631 1719 crediderunt
1661 1676 1721 1720 rb
1741 1675 1860 1720 Gela

162 1735 393 1780 credimus
425 1736 483 1781 Β.
666 1739 694 1777 4
728 1731 804 1778 ἐπὶ
834 1738 897 1793 τῷ
928 1735 1235 1792 καρατοειὸεἶ
1257 1748 1322 1790 qr.
1339 1735 1412 1791 (cf.
1450 1732 1571 1778 Cass.
1600 1738 1746 1791 1250,
1771 1736 1860 1790 15).

162 1794 358 1838 nimium
389 1811 413 1839 o
423 1797 448 1839 b
468 1794 584 1839 Gel.:
617 1793 766 1838 nimia
790 1794 846 1838 Β.
1033 1798 1058 1837 5
1093 1793 1294 1837 cemosin
1321 1809 1357 1849 r,
1393 1792 1648 1837 chemosim
1672 1794 1718 1838 b·
1750 1792 1861 1836 hae-

161 1854 314 1898 mosin
363 1855 481 1910 Gal„
528 1867 767 1897 memosen
813 1854 871 1898 Β.
936 1854 1048 1897 citat
1094 1852 1201 1897 Sim.
1251 1854 1355 1896 Ian.
1405 1867 1437 1896 8.
1489 1851 1730 1896 chemosis.
1924 1882 1950 1906 ;-!

164 1918 190 1957 8
209 1927 377 1958 causae
402 1915 467 1970 (et
490 1927 630 1957 cause
645 1915 686 1970 r)
712 1911 1085 1970 competentibus
1113 1912 1210 1956 Br.
1244 1913 1292 1955 et
1317 1910 1691 1967 competentibus
1717 1913 1742 1955 b
1763 1911 1859 1957 Get.
1945 1903 1950 1922 ³

166 1977 222 2016 10
259 1972 488 2017 semiosos
519 1988 545 2017 r
584 1974 653 2029 (in
690 1986 773 2017 suo
820 1973 914 2016 cod.
956 1973 1063 2029 legit
1102 1972 1238 2016 etiam
1277 1970 1385 2015 Sim.
1423 1972 1529 2014 Ian.
1557 1992 1613 2007 =
1645 1983 1861 2014 zernosos

166 2031 286 2077 Cass.
314 2032 415 2077 Fel.
446 2037 471 2077 7
503 2032 561 2087 cf.
588 2032 683 2076 ind.
716 2045 749 2077 8.
782 2044 934 2087 zerna,
968 2032 1224 2086 zernosus:)
1258 2028 1496 2073 verniosos
1522 2030 1582 2085 Β,
1620 2028 1862 2073 derbiosos

167 2091 263 2136 G-el.
297 2093 394 2148 (qui
425 2106 506 2136 om.
542 2090 734 2148 oculos),
767 2105 849 2135 om.
885 2092 924 2147 b,
958 2091 1038 2147 qui
1070 2091 1142 2133 bre
1127 2091 1246 2134 vius
1276 2090 1384 2133 haec
1415 2089 1861 2133 dedit.ve1o

163 2151 287 2206 (ante
319 2153 404 2207 oc.)
437 2152 543 2195 add
580 2151 635 2195 Β.
790 2163 906 2206 quas
939 2150 1030 2194 Br=
1063 2162 1178 2205 quos
1214 2148 1308 2192 Gel.
1483 2146 1769 2205 inpetigines
1802 2147 1862 2203 B,
1927 2160 1942 2213 ,ᾗ

162 2208 395 2266 petigines
425 2211 519 2255 Gel.
555 2211 627 2266 (cf
664 2211 688 2254 b
721 2208 984 2266 Inpetigine
1018 2209 1065 2252 et
1097 2206 1354 2264 asperitate
1386 2206 1658 2250 laborantes
1691 2206 1758 2250 sic
1784 2220 1861 2250 cu·

163 2268 402 2326 rabimus>.
651 2274 702 2312 11
737 2268 992 2325 asperitate
1023 2266 1130 2311 vitii
1163 2265 1307 2310 simili
1338 2265 1368 2310 l.
1407 2266 1518 2321 G-el„
1552 2279 1616 2309 as
1613 2265 1863 2315 2eritatum
1934 2266 1950 2306 ²⁴.

165 2328 287 2383 (—te
318 2330 359 2384 r)
390 2327 527 2371 viciis
560 2327 896 2373 1.13r.12
929 2326 1206 2382 incardioba
1237 2326 1479 2369 canstrata
1506 2327 1512 2382 Ι
1539 2324 1694 2369 mellis
1728 2338 1862 2392 oecu—

162 2386 246 2430 bia
278 2388 385 2443 etp
391 2388 491 2440 ..B
541 2387 701 2431 cardia
739 2387 910 2430 bacam
949 2378 1085 2443 spato
1131 2384 1265 2429 melis
1317 2384 1500 2428 occulto
1541 2385 1589 2428 et
1626 2399 1669 2441 p.
1703 2399 1751 2438 r,
1792 2383 1863 2427 in-

166 2445 325 2490 cardio
357 2460 474 2490 vasa
505 2445 788 2503 spatomeles
822 2445 1004 2490 occulto
1038 2446 1086 2489 et
1107 2460 1151 2501 p.
1182 2445 1277 2490 Get.
1313 2445 1386 2500 (ef.
1422 2446 1468 2489 b.
1502 2445 1549 2488 et
1580 2442 1630 2486 in
1662 2442 1762 2487 eius
1792 2442 1863 2486 in-

166 2504 466 2548 cardiouacla
503 2505 658 2549 mellis
700 2504 881 2550 occulte
918 2504 1141 2549 fricamus
1190 2505 1237 2547 et
1275 2504 1516 2547 humorem
1554 2501 1630 2546 vel
1674 2515 1864 2546 succum

167 2577 306 2617 quem
329 2566 468 2607 uacla
492 2578 548 2608 ex
574 2578 628 2608 eo
655 2563 917 2621 sumpserit
960 2563 1157 2636 angulos
1190 2563 1267 2607 vel
1298 2562 1455 2606 oculos
1487 2560 1838 2618 inunguimus..

168 2625 222 2663 12
253 2621 444 2665 bacula:
477 2630 666 2679 πυρῆνα
698 2622 843 2681 μήλης
874 2621 1104 2674 καθέντες
1134 2637 1199 2680 qr.
1235 2621 1372 2677 XIV,
1404 2625 1506 2666 343.
1691 2624 1745 2663 13
1777 2597 1862 2664 hu

166 2692 294 2723 more
325 2680 401 2723 vel
433 2695 541 2725 suco
574 2683 664 2727 Br.
818 2682 1086 2740 inungimus
1124 2682 1242 2727 Gela
1275 2681 1481 2739 inungue
1513 2680 1579 2736 Β,
1619 2693 1792 2736 -gueo
1823 2694 1862 2724 r.

170 2741 227 2779 14
279 2737 591 2795 depurgamus
649 2741 772 2797 Gel„
830 2755 1050 2800 —gemus
1096 2742 1141 2786 b:
1199 2740 1472 2807 depurgabo
1523 2754 1548 2783 r
1558 2740 1861 2783 B.15

169 2795 220 2839 in
264 2795 381 2852 la(m
404 2797 601 2863 immina
646 2800 726 2843 rB
774 2801 950 2856 (Gal.)·
1000 2814 1140 2857 supra
1187 2798 1415 2844 laminam
1452 2799 1489 2843 b.
1671 2797 1862 2855 impono

167 2856 227 2900 rb
249 2855 364 2899 Get.-
411 2855 598 2911 impone
631 2857 686 2901 Β
874 2863 927 2902 15
971 2859 1180 2917 inunguo
1225 2858 1342 2904 Gela
1385 2870 1533 2914 -gue
1558 2857 1624 2913 Β,
1667 2870 1780 2914 —ge
1821 2858 1862 2912 b,
1921 2915 1925 2917 .

169 2927 422 2970 —guemus
447 2929 483 2958 r.
