1988 3184
177 125 292 179 406
735 123 1316 168 PsEUDo-'msonom

180 258 284 303 tini.
317 257 544 302 virtutem
573 257 755 301 habent
785 255 1011 313 frigidam
1041 257 1090 300 et
1128 254 1322 314 siccam,
1361 255 1546 300 faciunt
1583 255 1647 300 ad
1683 254 1874 300 femoris
1964 254 1968 257 ⁴

182 322 586 379 substrictionem‚
633 321 819 366 faciunt
865 322 928 366 ad
968 321 1305 380 dysentericoS‚
1355 321 1396 367 si
1440 323 1654 368 ventrem
1699 320 1874 367 deforis
1962 347 1982 363 ›.

182 402 433 433 curaveris.

92 461 147 500 22
297 453 513 498 Bulbus
561 454 612 498 in
665 454 954 499 comedendo
1005 453 1206 511 frigidus
1253 457 1346 512 est,
1402 457 1451 500 et
1495 455 1613 500 facit
1665 467 1875 499 umorem

182 523 383 580 spissum
422 524 470 566 et
508 521 756 567 viscidum.
798 535 911 566 nam
948 523 997 566 et
1034 521 1299 579 indigestus
1339 523 1412 567 est
1450 523 1499 567 et
1536 521 1876 567 ventositatem
1919 534 1941 568 5
1985 530 1988 550 ³

179 589 308 635 facit.
340 589 430 633 hoc
455 588 624 645 solum,
649 588 712 632 ad
734 600 872 632 usum
896 587 1095 646 veneris,
1119 588 1325 646 prodest.
1358 587 1399 632 si
1423 587 1527 645 quis
1551 601 1662 634 vero
1689 587 1873 632 deforas

179 656 251 700 uti
281 654 498 712 voluerit,
533 657 581 699 et
613 654 817 711 extergit
848 657 897 699 et
929 654 1088 700 siccat.

89 728 144 767 23
296 722 514 766 Blitum
558 721 785 767 virtutem
822 721 970 766 habet
1014 721 1241 779 frigidam
1279 723 1328 766 et
1372 723 1621 769 umectam.
1671 721 1874 778 denique

178 790 234 832 et
266 788 335 832 ad
365 787 657 833 tertianas
689 787 836 832 facit
868 788 1082 845 optime
1115 788 1162 832 si
1194 790 1508 833 comestum
1537 787 1731 834 fuerit.

88 858 145 898 24
295 854 502 911 Bryon,
544 854 672 910 quod
704 854 950 911 appellant
981 854 1266 912 sphagnum‚
1310 854 1551 899 invenitur
1589 856 1673 899 aut
1711 854 1762 898 in
1799 869 1873 900 ro-
1897 869 1941 902 10

176 923 289 967 bore
322 925 406 966 aut
437 923 487 966 in
517 922 706 979 populis
732 921 868 966 albis.
902 923 951 966 et
980 921 1187 965 mediam
1210 920 1437 965 virtutem
1458 921 1618 978 habet,
1648 923 1696 966 et
1718 921 1872 979 magis

176 987 325 1032 siccat
355 1002 498 1043 quam
530 987 762 1032 calefacit.

89 1059 144 1099 25
297 1054 587 1098 Bdellium
622 1053 848 1103 virtutem
888 1054 1093 1098 calidam
1130 1054 1277 1099 habet
1309 1057 1357 1099 et
1394 1054 1710 1107 malacticam.
1751 1057 1872 1099 stru-

173 1136 301 1165 mam
340 1119 546 1178 gutturis
590 1122 724 1164 curat
756 1123 804 1165 et
838 1121 1152 1177 digestionem
1198 1121 1524 1178 ventositatiS‚
1573 1124 1622 1166 et
1662 1122 1872 1167 dolorem
1906 1136 1908 1138 ’

176 1188 339 1232 lateris
374 1187 522 1231 sedat.
1895 1199 1938 1234 15

86 1259 141 1299 2ss
293 1254 567 1309 Butyrum
605 1252 813 1296 calidam
849 1253 1076 1298 virtutem
1113 1254 1281 1311 habet,
1327 1258 1375 1300 et
1415 1255 1646 1313 dispergit
1684 1271 1868 1301 umores

175 1321 358 1365 aurium
374 1319 451 1364 vel
474 1318 734 1376 inguinum,
762 1320 868 1364 oris.
897 1321 1099 1376 denique
1122 1320 1385 1366 infantibus
1405 1322 1726 1367 dentientibus
1751 1322 1868 1368 utile

175 1389 259 1444 est,
294 1387 335 1430 si
365 1386 635 1442 frequenter
665 1386 884 1443 gingivas
917 1387 1088 1431 leviter
1119 1387 1438 1433 adfricaveris.

85 1458 140 1498 27
293 1452 659 1498 Calamintha
690 1453 916 1498 virtutem
946 1454 1093 1499 habet
1132 1453 1338 1498 calidam
1369 1457 1418 1499 et
1450 1454 1623 1500 siccam
1655 1455 1865 1501 nimium.

172 1523 220 1564 et
253 1520 292 1564 si
332 1520 436 1576 quis
478 1521 612 1563 cocta
651 1534 775 1575 aqua
806 1521 1005 1579 biberit,
1049 1521 1270 1567 calefacit
1309 1524 1357 1566 et
1398 1523 1588 1567 sudores
1627 1525 1866 1580 provocat.
1892 1535 1936 1567 20

171 1586 347 1631 idcirco
380 1586 497 1631 facit
537 1589 585 1631 et
624 1587 686 1631 ad
725 1586 955 1644 frigorum
993 1591 1180 1646 typum,
1222 1588 1263 1632 si
1302 1588 1406 1645 quis
1446 1588 1643 1633 herbam
1682 1589 1733 1633 in
1764 1589 1867 1635 oleo

173 1653 350 1697 coxerit
383 1655 431 1697 et
462 1652 662 1697 unxerit.

83 1731 139 1771 28
293 1726 595 1771 Cannabis,
647 1741 807 1772 semen
846 1728 945 1772 eius
987 1728 1134 1773 siccat
1173 1728 1221 1773 et
1259 1729 1597 1774 ventositatem
1637 1729 1867 1787 dispergit

169 1793 220 1837 in
251 1796 435 1838 tantum
468 1796 521 1837 ut
554 1793 593 1837 si
627 1794 742 1838 satis
777 1797 1034 1839 comestum
1065 1795 1228 1853 fuerit,
1262 1796 1446 1840 veneris
1479 1811 1615 1840 usum
1647 1796 1863 1842 exsiccet.

291 1953 344 1992 10
387 1949 545 1994 Simon
586 1964 619 1994 s.
661 1949 817 1995 Brion.
860 1950 1133 1995 Theodorus
1180 1951 1448 1995 Priscianus
1490 1951 1611 1995 libro
1656 1952 1714 1995 de
1754 1951 1863 1995 sim·
1887 1955 1931 1988 25

167 2007 295 2110 {ficiis
314 2008 548 2111 {teodicina
580 2011 777 2053 vocatur
807 2009 963 2065 inquit
996 2001 1191 2068 stagnus
1224 2011 1275 2054 in
1307 2011 1569 2067 quercubus
1595 2012 1643 2055 et
1672 2010 1862 2068 populis

290 2234 312 2272 1
346 2229 570 2275 femorem
595 2230 927 2276 substrictione
957 2232 1011 2276 G.
1090 2236 1115 2275 2
1143 2230 1464 2275 dissintericos
1493 2232 1536 2276 G
1562 2234 1634 2287 (αὐ
1655 2234 1860 2288 semper).

167 2294 196 2332 4
227 2288 296 2332 De
327 2289 487 2334 bulbo.
521 2289 697 2333 Bulbos
730 2290 784 2335 G.
907 2290 1085 2347 frigidi-1
1120 2291 1175 2335 G.
1300 2298 1324 2335 6
1357 2290 1446 2334 hoc
1479 2290 1582 2334 soh-1
1608 2326 1618 2336 .
1644 2324 1653 2333 .
1681 2325 1690 2335 .
1715 2291 1861 2347 prode

169 2349 241 2391 est
263 2348 317 2391 G.
382 2348 567 2393 deforas
592 2351 694 2405 (sic)
719 2349 774 2394 G.
838 2355 863 2394 8
889 2350 958 2394 De
982 2349 1166 2393 blitum.
1192 2349 1347 2393 Blitus
1367 2349 1422 2393 G.
1485 2351 1673 2394 umecta
1698 2351 1781 2394 est.
1804 2349 1859 2394 G.

169 2410 195 2448 9
229 2406 404 2451 obtime
437 2408 494 2452 G.
589 2410 821 2452 comestus
858 2409 911 2453 G.
1008 2413 1062 2453 10
1093 2408 1163 2452 De
1194 2408 1343 2452 brion.
1377 2407 1522 2452 Brion
1555 2409 1609 2453 G.
1732 2407 1861 2465 apel-

167 2463 270 2508 lant
301 2466 552 2523 splagnum
585 2470 662 2523 (cs.
696 2468 823 2512 Plin.
849 2471 923 2523 12,
957 2471 1061 2513 108.
1092 2471 1167 2522 24,
1194 2471 1277 2524 27)
1315 2467 1369 2512 G.
1535 2467 1587 2510 in
1608 2467 1745 2511 robes
1777 2468 1862 2511 aut

167 2522 218 2566 in
248 2525 416 2581 puplos
452 2529 577 2581 (ante
608 2540 722 2571 corr.
754 2526 941 2583 plupes)
967 2527 1101 2571 albos
1137 2527 1191 2571 G.
1317 2531 1369 2569 11
1403 2528 1637 2570 vertutem
1668 2526 1780 2570 abet
1803 2526 1858 2571 G.

170 2587 224 2625 12
259 2589 347 2638 que
384 2585 438 2628 G.
562 2589 616 2629 13
648 2585 717 2629 De
749 2585 1017 2630 Bidellium.
1050 2585 1281 2629 Bidellius
1317 2585 1370 2629 G.
1493 2584 1768 2629 malaticam
1801 2585 1857 2630 G.

170 2645 227 2706 1.4
259 2644 307 2685 et
340 2642 654 2699 digestionem
686 2647 733 2689 et
763 2644 1076 2689 ventositates
1112 2645 1166 2689 G.
1318 2649 1374 2689 16
1404 2643 1474 2688 De
1505 2643 1732 2688 Butirum.
1765 2643 1859 2687 Bu-

165 2700 310 2742 tirum
345 2701 398 2745 G.
521 2717 703 2747 umores
740 2706 842 2760 (sic)
881 2704 935 2749 G.
1059 2708 1114 2747 17
1146 2702 1274 2747 horis
1304 2702 1358 2747 G.
1453 2707 1508 2746 19
1543 2702 1773 2748 Calamite
1800 2702 1855 2748 G.

168 2761 222 2799 21
255 2759 319 2823 ad
337 2759 572 2824 ‘frigorem
602 2762 755 2818 tipum
783 2763 826 2807 G
849 2763 982 2821 (πρὸς
1011 2763 1071 2806 τὰ
1101 2761 1222 2806 κατὰ
1251 2758 1476 2818 περίοδον
1508 2759 1613 2819 ῥ’ίγη
1642 2762 1763 2816 Gal„
1795 2761 1857 2805 ad

165 2817 429 2870 perlodicas
461 2818 614 2864 febres
652 2821 805 2878 Oria).
899 2822 1062 2865 erbam
1095 2821 1150 2866 G.
1245 2826 1300 2864 22
1324 2820 1539 2865 uncxerit
1565 2821 1620 2866 G.
1707 2824 1763 2863 23
1786 2819 1856 2863 De

167 2874 394 2920 cannabo.
430 2876 678 2923 Cannabus
714 2879 768 2924 G.
893 2880 1014 2924 sicce
1046 2881 1086 2924 81
1114 2881 1239 2924 vent.
1269 2880 1323 2924 G.
1448 2884 1506 2924 24
1530 2880 1762 2924 comestus
1797 2879 1854 2924 G.

158 2932 415 2990 ex[c]iccat
435 2935 488 2979 G.
