1988 3184
713 79 1160 157 ADDITAMENTA.
1669 110 1777 166 329
1807 83 1810 87 .

4 246 5 258 ³
78 242 204 292 =³-'=b1
245 246 362 291 trita
398 244 572 290 viridia
616 245 667 288 in
703 247 867 302 pectus
906 243 1150 300 imponito.
1199 258 1361 288 sucum
1393 258 1628 289 mororum
1659 259 1779 300 quae

59 306 280 367 9111111110
295 313 565 364 nascuntur,
590 311 725 368 potui
742 311 867 355 dato.
892 312 1027 354 rutae
1043 310 1292 354 fasciculos
1308 310 1358 354 in
1374 324 1564 355 rosaceo
1582 312 1630 355 et
1646 312 1780 354 aceto

1 370 2 397 ³
59 379 87 438 J,
101 372 330 435 decoques
362 379 411 422 et
432 375 717 421 immiscebis
732 375 932 436 (aloes)
950 387 1010 425 -ζ-
1032 377 1054 420 Ι
1078 379 1126 422 et
1150 376 1317 421 exinde
1342 391 1448 421 eum
1471 376 1715 434 inungues,
1734 378 1783 420 et

54 439 70 505 ζ
100 440 317 498 sudorem
361 442 501 487 sistit.
548 442 707 487 radice
745 443 924 487 ferulae
964 457 1020 487 ex
1053 445 1187 487 aceto
1228 445 1276 487 et
1316 443 1418 487 oleo
1451 445 1585 487 cocta
1613 457 1782 499 perun-

52 520 57 564 ᾖ
101 510 256 569 guito,
288 509 504 552 sudorem
536 508 675 554 sistit.
723 523 866 553 cornu
905 509 1084 565 caprini
1123 509 1301 554 cineres
1341 524 1397 554 cx
1436 509 1538 553 oleo
1577 508 1780 552 murtino
1827 520 1851 553 5

46 614 66 630 „
101 577 327 622 adversus
360 575 577 619 sudorem
606 575 903 632 perunguito.

49 644 55 706 }
218 641 566 686 Praecordia
607 640 1059 700 <si>tumebunt‚
1106 641 1241 685 bulbi
1288 642 1392 686 triti
1429 656 1513 698 pro
1554 641 1787 697 cataplas-

40 704 47 730 7
103 711 229 754 mate
274 706 486 763 impositi
530 706 647 750 mire
694 709 871 752 curant.
927 707 1121 751 feniculi
1168 707 1357 752 seminis
1413 710 1461 752 9⁶>
1492 709 1514 751 Ι
1561 722 1618 752 ex
1664 722 1787 762 aqua

46 815 48 818 .
103 774 276 830 mulsa,
324 775 372 818 et
409 773 460 816 in
495 787 652 829 panno
691 773 936 817 inductum
975 773 1156 817 calente
1198 775 1437 818 stomacho
1478 773 1662 830 saepius
1702 773 1787 816 im-

42 873 45 889 2
104 840 281 899 ponito.
313 839 508 884 feniculi
538 839 692 883 farina
724 854 829 884 cum
850 840 956 896 pari
979 840 1132 883 mellis
1157 854 1375 883 mensura
1401 841 1607 896 decocta,
1640 839 1785 884 ceroti
1812 852 1856 883 10

25 903 43 927 ³
105 907 245 951 modo
275 920 431 963 panno
463 905 709 949 inductum
738 905 982 962 imponito,
1014 906 1209 950 mirifice
1242 906 1498 950 sanabitur.

33 1017 42 1034 ,Ἰ
223 972 516 1017 Pulmonis
550 972 758 1016 dolorem
787 972 917 1016 tollit
947 972 1140 1016 feniculi
1169 986 1327 1016 semen
1349 956 1515 1016 tritum
1538 987 1643 1015 cum
1668 986 1790 1026 aqua

10 1039 33 1093 Ἰὲ
109 1039 264 1084 calida
285 1041 515 1095 potatum,
549 1038 645 1083 sive
671 1053 807 1082 sucus
833 1038 932 1082 eius
956 1040 1161 1094 potatus.
1194 1039 1417 1082 trociscos
1443 1038 1792 1095 diaspermaton

23 1111 27 1129 ³
111 1120 216 1150 cum
247 1119 370 1161 aqua
403 1105 559 1149 calida
588 1105 723 1162 potui
757 1106 880 1148 dato.

7 1212 15 1223 λ
231 1172 287 1216 Si
324 1185 456 1215 vero
497 1172 821 1215 stomachus
861 1171 1039 1215 fuerit
1085 1171 1259 1215 nimio
1300 1171 1490 1215 calore
1528 1173 1790 1224 vexatus,
1817 1181 1860 1213 15

20 1291 21 1295 Ἰ
110 1238 233 1283 hanc
262 1237 502 1294 potionem
542 1237 691 1282 dabis.
739 1237 957 1281 mastices
990 1244 1018 1287 ,3
1043 1238 1106 1294 ΙΙ,
1146 1239 1332 1281 mentae
1365 1237 1515 1280 siccae
1547 1243 1574 1287 ,3
1598 1237 1638 1292 Ι,
1672 1236 1794 1279 311161

18 1316 34 1336 ‘1
112 1309 140 1354 3
163 1304 197 1347 Ι.
245 1303 363 1347 haec
401 1303 517 1346 trita
556 1305 603 1347 et
644 1317 753 1347 suco
791 1303 1082 1360 plantaginis
1122 1304 1321 1347 collecta
1359 1304 1409 1346 in
1446 1304 1635 1346 modum
1668 1303 1793 1346 abel-

113 1369 250 1414 lanae
282 1384 387 1413 cum
419 1383 542 1424 aqua
571 1369 746 1425 frigida
776 1370 980 1414 resolves
1013 1373 1060 1414 et
1098 1371 1231 1427 potui
1272 1370 1420 1414 dabis.
1463 1373 1510 1413 et
1542 1369 1683 1412 aforis
1715 1369 1796 1411 fri-

115 1436 239 1495 gidis
277 1437 423 1480 uteris
463 1436 719 1480 cerotariis
769 1450 1020 1493 cognosces
1053 1451 1109 1480 ex
1141 1451 1194 1480 eo
1233 1436 1429 1479 nimium
1462 1436 1664 1479 calorem
1703 1437 1795 1478 sto-

114 1503 283 1559 machi,
317 1502 428 1558 quia
459 1503 695 1546 interdum
726 1502 960 1546 choleram
998 1505 1155 1546 movet
1194 1505 1241 1546 et
1280 1503 1418 1545 ardor
1421 1516 1492 1545 em
1525 1501 1797 1545 continuum
1820 1511 1864 1542 20

111 1569 167 1613 111
218 1569 320 1626 ipso
377 1569 616 1612 stomacho
669 1568 745 1612 vel
800 1582 877 1612 ore
930 1568 1107 1612 ventris
1163 1567 1369 1611 sentiant
1415 1567 1649 1623 patientes
1693 1581 1798 1610 cum

116 1635 370 1709 punctione
403 1637 543 1689 atque
570 1634 742 1678 dolore.
789 1649 899 1677 nam
923 1637 970 1678 et
993 1636 1124 1677 tactu
1147 1649 1369 1677 manuum
1399 1634 1637 1689 pr,obatur
1664 1633 1799 1676 ardet

117 1701 257 1745 nimis
291 1703 422 1744 extra
453 1702 682 1744 naturam.
733 1699 773 1742 si
803 1714 912 1743 vero
953 1714 1009 1744 ex
1039 1700 1141 1756 ipso
1181 1700 1360 1743 calidus
1394 1699 1626 1755 singultus
1658 1698 1800 1742 fuerit

122 1770 169 1811 et
200 1767 336 1822 quasi
366 1767 602 1822 mordens,
645 1768 692 1809 et
724 1766 905 1809 comedi
945 1766 1036 1809 sibi
1076 1766 1367 1810 stomachum
1406 1765 1622 1821 senserit,
1663 1764 1798 1807 dabis

123 1847 295 1889 aquam
341 1833 553 1888 tepidam
598 1831 780 1887 bibere,
830 1834 877 1875 et
921 1831 1106 1876 iuvabis
1154 1846 1231 1875 eos
1269 1831 1435 1887 pennis
1484 1831 1587 1874 oleo
1633 1830 1798 1873 infusis
1824 1841 1868 1874 25

122 1913 381 1956 provocans
412 1898 653 1942 vomitum.
689 1898 728 1940 si
762 1898 993 1954 singultus
1026 1901 1073 1942 et
1099 1900 1333 1942 sternutus
1365 1898 1581 1952 frequens
1612 1896 1799 1950 fuerint,

125 1979 297 2020 aquam
326 1963 550 2020 frigidam
588 1966 636 2007 et
675 1966 859 2007 acetum
896 1964 1020 2008 nitro
1061 1964 1362 2008 commixtum
1391 1963 1525 2019 potui
1559 1962 1706 2007 dabis.
1755 1964 1802 2005 et

126 2029 430 2074 aristolochia
465 2032 517 2073 et
556 2030 834 2072 abrotonum
873 2030 1090 2075 similiter
1125 2033 1333 2086 prosunt.
1379 2029 1448 2087 [Si
1486 2031 1671 2072 tantum
1703 2029 1803 2071 sola

127 2095 351 2139 effusione
383 2094 559 2138 ventris
591 2094 784 2151 fatigati
814 2095 989 2140 fuerint
1015 2133 1022 2141 .
1051 2133 1059 2141 .
1088 2133 1096 2141 .
1124 2098 1202 2141 Pr.

249 2290 272 2327 1
308 2298 444 2328 sucus
474 2293 596 2335 mou
630 2285 711 2340 qui
739 2327 743 2330 ,
772 2319 781 2328 .
810 2322 818 2330 .
843 2286 1052 2330 nascitur
1083 2290 1121 2331 b.
1218 2292 1242 2330 2
1275 2300 1465 2329 rosaceo
1499 2287 1537 2330 b.
1628 2283 1806 2327 imiscis

130 2383 190 2420 -ζ-
212 2373 233 2415 Ι
266 2374 404 2417 (deest
435 2372 576 2428 aloes,
608 2379 661 2417 ut
690 2374 821 2417 habet
852 2376 1003 2430 Ptin.)
1038 2377 1075 2420 b
1221 2379 1247 2417 3
1278 2355 1448 2432 inungs
1481 2375 1519 2417 b.
1643 2376 1667 2414 5
1699 2371 1808 2413 mir-

131 2431 230 2475 tino
264 2433 301 2475 b.
455 2436 479 2475 6
513 2432 703 2477 sudores
737 2433 775 2475 b.
929 2439 952 2477 7
987 2433 1026 2476 si
1057 2448 1137 2477 om.
1174 2436 1198 2477 b
1232 2434 1495 2489 (tumebunt
1525 2433 1661 2475 rubro
1693 2432 1806 2485 scr.)

130 2504 215 2546 pro
247 2490 572 2546 cathaplasma
605 2493 642 2535 b.
736 2496 762 2534 8
795 2495 928 2536 curat
959 2495 997 2537 b.
1091 2498 1146 2536 10
1178 2492 1343 2536 farina.
1375 2490 1502 2548 porri
1532 2487 1655 2533 mell'
1682 2503 1810 2532 men-

134 2563 241 2592 sura
274 2549 468 2592 decocta
501 2551 537 2592 b.
572 2551 628 2604 cf.
662 2552 736 2594 Ps.
770 2552 900 2595 Plin.
930 2555 1127 2607 p.446.
1257 2556 1311 2593 12
1337 2553 1459 2594 rubr.
1487 2552 1524 2594 b.
1645 2544 1745 2591 toll
1771 2549 1807 2592 b.

136 2613 190 2651 13
214 2608 338 2663 pot&
360 2619 481 2660 (cum
503 2612 635 2664 corr.)
655 2611 694 2654 b.
818 2615 871 2652 15
896 2612 1019 2654 rubr.
1046 2612 1083 2654 b.
1207 2614 1261 2652 16
1286 2609 1458 2652 mastic
1482 2611 1519 2652 b.
1671 2606 1812 2650 anisii

137 2668 239 2722 (sie)
274 2668 312 2711 b.
435 2671 489 2709 17
508 2669 631 2711 colla
655 2670 693 2712 b.
816 2672 870 2712 18
901 2668 1096 2712 resolvis
1129 2670 1166 2712 b.
1296 2673 1345 2711 19
1379 2666 1619 2723 cognoscis
1653 2668 1691 2711 b.

50 2796 58 2803 -
136 2767 289 2812 colore
325 2771 362 2813 b.
457 2773 513 2812 20
545 2769 663 2814 001’3
695 2772 732 2816 b.
827 2776 879 2814 21
914 2786 964 2815 os
995 2739 1098 2816 vets
1132 2773 1171 2815 b.
1262 2770 1492 2827 pacientis
1525 2772 1563 2815 b.
1647 2773 1706 2812 23
1737 2783 1813 2811 03-

135 2842 234 2898 lido
267 2845 304 2888 b.
449 2849 504 2887 25
537 2859 615 2889 eos
646 2833 796 2890 vome.
829 2845 1028 2890 Pennis,
1050 2882 1058 2890 .
1079 2882 1087 2890 .
1109 2847 1133 2889 b
1159 2846 1256 2902 (ubi
1285 2846 1416 2889 omisi
1444 2846 1660 2900 vomere).

137 2907 193 2946 26
227 2902 287 2949 si:
321 2904 372 2961 ὃ,
405 2905 509 2962 (set)
543 2907 581 2950 b.
675 2910 730 2949 28
755 2905 1029 2961 aristologia
1062 2907 1099 2949 b.
1222 2904 1478 2948 abrotanus
1508 2905 1545 2948 b.
