1988 3184
642 146 725 187 nn
755 142 1019 188 smum
1047 144 1357 188 MnmomA.
1741 141 1849 196 417
1921 118 1929 127 ’

71 257 93 274 ”¹
117 281 175 324 96
293 277 544 321 Nucleus
567 275 757 321 virtutis
779 274 1079 320 mediocriter
1102 274 1285 320 calidae
1309 277 1393 321 est.
1427 278 1476 320 et
1499 275 1540 320 si
1556 275 1660 332 quis
1684 276 1852 322 exinde

62 343 63 346 ’
172 343 441 400 frequenter
463 341 710 400 acceperit,
734 340 1070 386 ventositatem
1091 342 1283 399 patitur.
1316 345 1512 400 generat
1527 342 1673 388 etiam
1695 356 1854 388 semen

173 410 222 454 et
260 409 324 452 ad
367 421 585 454 venerem
629 410 875 465 provocat,
925 410 974 452 et
1011 407 1052 452 si
1090 408 1194 464 quis
1240 409 1610 466 perseveraverit
1655 409 1851 467 edendo,

172 488 356 520 umores
386 474 612 533 pessimos
643 473 774 519 facit.
1038 477 1042 481 '

23 592 25 596 ,
114 545 172 586 97
291 541 475 586 Nuces
521 540 746 586 virtutem
789 539 970 584 habent
1014 539 1220 584 calidam
1272 543 1321 586 et
1365 542 1668 599 mediocrem,
1721 541 1852 586 velut
1896 553 1920 587 5

172 607 328 652 oleum
359 607 509 652 dulce.
541 608 700 651 cortex
728 619 838 651 vero
871 620 1032 650 earum
1061 606 1226 651 viridis
1250 607 1396 653 habet
1425 608 1649 653 virtutem
1680 607 1853 652 siccam

171 676 220 719 et
252 673 506 731 stypticam
534 672 745 717 nimium.
779 674 828 716 et
858 687 994 716 sucus
1027 672 1126 717 eius
1158 672 1222 717 ad
1243 674 1448 718 tumores
1480 674 1687 718 faucium
1719 676 1766 718 et
1790 674 1852 718 ad

169 739 441 796 putredines
473 739 601 785 facit.

114 808 172 849 98
290 805 660 850 Nasturcium
689 804 913 849 virtutem
942 804 1089 849 habet
1120 804 1325 850 calidam
1363 808 1412 850 et
1443 820 1616 863 acrem,
1656 808 1704 850 et
1740 820 1851 851 ven-

169 871 414 916 tositatem
445 871 588 916 solvit
618 873 666 915 et
704 870 899 915 urinas
937 872 1217 927 provocat
1257 873 1313 916 et
1350 871 1661 916 lumbricos
1702 871 1850 916 occi·
1876 884 1918 916 10

171 937 276 994 dit,
311 937 423 997 <si>
457 939 512 981 et
543 938 841 981 contusum
873 950 1042 993 super
1071 937 1406 981 umbilicum
1434 938 1708 994 posuerit.

38 1017 44 1020 ·
113 1007 170 1047 99
292 1003 598 1060 Origanum
627 1002 852 1047 virtutem
883 1002 1090 1046 calidam
1121 1005 1169 1046 et
1201 1002 1374 1047 siccam
1403 1003 1562 1061 habet,
1597 1006 1645 1048 et
1676 1004 1850 1061 spissos

171 1083 354 1114 umores
387 1071 604 1114 attenuat
635 1071 684 1114 et
713 1068 958 1126 praecidit.
1000 1068 1247 1125 denique
1278 1069 1424 1114 facit
1463 1070 1533 1114 ad
1563 1072 1851 1114 catarrum

170 1139 226 1181 et
258 1137 510 1181 dolorem
540 1135 772 1191 lateris,
812 1135 858 1179 si
897 1135 1024 1191 quis
1069 1150 1189 1180 cum
1228 1136 1474 1192 oxymeli
1506 1138 1725 1180 coctum
1758 1137 1850 1181 de-

0 1221 4 1259 !
171 1203 332 1248 derit.
373 1201 730 1260 tragoriganum
767 1215 876 1245 vero
907 1201 1054 1246 habet
1093 1203 1331 1258 quandam
1355 1204 1545 1259 partem
1584 1202 1848 1259 stypticam.
1876 1214 1917 1247 15

0 1299 2 1302 »
82 1274 166 1313 100
288 1268 483 1313 Oleum
529 1268 664 1311 dulce
708 1267 1007 1311 mediocriter
1053 1268 1260 1312 calidum
1306 1271 1390 1313 est.
1445 1268 1694 1325 hispanum
1742 1283 1849 1314 vero

170 1336 295 1391 quod
326 1349 382 1379 ex
412 1334 563 1378 viride
593 1333 671 1378 vel
700 1333 937 1377 inmatura
969 1333 1095 1378 oliva
1127 1334 1367 1391 colligitur
1398 1334 1623 1392 frigidum
1654 1338 1737 1380 est.

0 1421 11 1452 χ
81 1406 164 1445 101
288 1401 468 1457 Oryza
498 1400 644 1444 habet
669 1399 921 1456 stypticam
943 1399 1180 1456 virtutem,
1214 1401 1414 1456 deniqne
1438 1404 1487 1445 et
1509 1404 1719 1445 ventrem
1743 1416 1849 1446 con-

170 1467 371 1524 stringit.

81 1538 165 1578 102
289 1533 511 1590 Orchis,
545 1545 664 1588 quae
697 1531 842 1576 etiam
874 1531 1081 1587 serapias
1113 1533 1428 1588 nuncupatur,
1469 1532 1658 1577 virtutis
1698 1533 1849 1579 siccae
1874 1545 1916 1576 20

169 1601 254 1644 est.
292 1600 509 1644 hortatur
547 1599 609 1642 ad
647 1611 883 1653 venerem,
924 1597 963 1640 si
1003 1597 1109 1653 quis
1142 1611 1246 1641 eam
1278 1597 1462 1641 dederit
1503 1613 1607 1642 cum
1638 1599 1747 1644 vino
1778 1600 1849 1644 bi-

166 1665 383 1710 bendam.
438 1667 642 1708 tumores
690 1675 873 1719 quoque
921 1662 1149 1718 exsiccat,
1207 1662 1246 1706 si
1293 1663 1638 1719 cataplasmata
1691 1665 1847 1710 fuerit.

168 1732 326 1776 sordes
359 1731 504 1774 etiam
534 1729 739 1774 vulneris
770 1730 955 1785 purgat.
996 1727 1114 1772 facit
1145 1730 1192 1772 et
1224 1729 1285 1772 ad
1316 1728 1474 1785 ignem
1507 1744 1708 1786 sacrum,
1741 1745 1848 1775 con-

172 1797 363 1854 stringit
395 1799 442 1840 et
472 1798 695 1841 ventrem.

83 1869 167 1909 103
290 1863 597 1920 Opopanax
627 1861 852 1906 virtutem
889 1859 1094 1904 calidam
1134 1862 1182 1904 et
1221 1860 1393 1904 siccam
1424 1860 1605 1920 <habet
1636 1862 1718 1922 et>
1750 1878 1848 1907 ma-
1872 1874 1914 1907 25

166 1930 297 1974 laxat
330 1928 528 1972 duritias
560 1927 706 1971 totius
740 1926 945 1982 corporis
978 1928 1025 1970 et
1049 1926 1403 1971 constrictiones
1435 1927 1597 1972 nervi
1629 1929 1847 1974 calefacit

171 1998 219 2040 et
251 1995 432 2052 spargit
463 1996 511 2038 et
543 1993 700 2038 siccat.

81 2067 165 2107 104
286 2061 608 2106 Oleastrum
654 2059 876 2103 virtutem
928 2058 1075 2102 habet
1128 2058 1484 2117 calidissimam,
1534 2074 1690 2105 semen
1735 2076 1844 2107 vero

285 2234 307 2272 1
340 2229 409 2272 De
425 2228 580 2272 nuclu.
613 2226 766 2270 Nuclu
787 2226 830 2270 G
848 2227 923 2281 (cf.
948 2227 1113 2271 Theod.
1132 2228 1266 2272 diaet.
1279 2231 1433 2284 p.244
1450 2228 1597 2287 Ara).
1691 2234 1719 2273 4
1741 2244 1844 2287 pes-

167 2288 282 2332 simo
318 2288 372 2332 G.
554 2292 579 2330 6
614 2285 809 2329 dulcem.
844 2284 1002 2329 Cortix
1037 2285 1090 2329 G.
1274 2290 1298 2329 7
1328 2286 1474 2330 nimia
1510 2288 1563 2331 G.
1720 2293 1745 2331 9
1777 2289 1845 2333 De

164 2346 459 2391 nasturtium.
492 2343 763 2389 Nasturtius
799 2344 852 2388 G.
1006 2348 1060 2387 10
1093 2343 1235 2388 solv&
1269 2345 1322 2389 G.
1443 2346 1635 2390 hurinas
1671 2347 1726 2392 G.

167 2405 340 2450 occidit
372 2405 410 2448 &
441 2419 466 2448 c
515 2404 568 2448 G.
723 2407 777 2446 12
808 2402 878 2446 De
910 2402 1167 2459 origanum.
1203 2402 1433 2460 Origanus
1470 2405 1523 2449 G.
1678 2410 1732 2448 13
1765 2406 1846 2449 ad-

166 2467 333 2509 tenuat
367 2464 421 2508 G.
542 2462 744 2519 precid&
779 2461 831 2506 G.
926 2465 982 2505 14
1014 2461 1230 2505 oximelle
1265 2462 1318 2507 G.
1414 2467 1467 2506 15
1500 2464 1846 2520 tragrorizanus

167 2521 305 2580 (-n')
339 2522 394 2567 G.
516 2521 750 2576 quendam
779 2535 824 2577 p.
857 2519 1115 2576 istipticam
1150 2520 1203 2564 G.
1334 2525 1388 2565 16
1423 2521 1539 2566 Olefi
1572 2523 1756 2568 dulcem
1790 2524 1843 2568 G.

283 2581 489 2638 ispinum
523 2580 577 2624 G.
701 2583 754 2622 17
779 2577 953 2635 frigida
988 2579 1042 2624 G.
1165 2583 1220 2623 18
1251 2579 1320 2623 De
1352 2580 1516 2625 oridia.
1552 2580 1713 2626 Oridia
1745 2582 1848 2626 ab&

166 2640 427 2697 istipticam
461 2638 514 2684 G.
638 2637 858 2693 denique:
891 2637 965 2682 διὸ
997 2637 1078 2681 καὶ
1112 2638 1215 2683 Gal.
1369 2644 1424 2683 20
1455 2639 1524 2683 De
1557 2640 1729 2696 orcisq:
1764 2640 1846 2685 Or-

168 2699 281 2755 cisq3
317 2699 371 2743 G.
495 2697 704 2754 Sarapias
735 2698 1064 2752 nuncupantur
1098 2696 1151 2741 G.
1298 2702 1351 2740 21
1385 2698 1429 2742 ei
1462 2699 1700 2743 addiderit
1731 2714 1768 2744 c.
1801 2715 1843 2745 v.

166 2757 423 2802 bibendum
457 2756 511 2801 G.
692 2760 747 2799 22
780 2755 960 2799 exiccat
995 2755 1048 2800 G.
1223 2760 1278 2799 23
1311 2756 1372 2799 ad
1402 2757 1511 2814 igne
1543 2772 1707 2815 agrum
1738 2773 1845 2803 con-

168 2816 358 2873 string&
392 2815 446 2860 G.
568 2819 624 2858 25
652 2814 721 2858 De
753 2813 1022 2871 opopanice.
1056 2813 1352 2871 Opopanicus
1388 2816 1441 2861 G.
1621 2817 1766 2862 habet
1798 2821 1846 2863 et

0 2876 15 2935 ζ
167 2877 341 2921 addidi.
435 2879 489 2918 26
519 2873 681 2918 nervia
712 2873 943 2917 calefacit.
977 2872 1015 2916 85
1045 2872 1245 2930 ispargit
1279 2874 1332 2919 G.
1438 2879 1493 2920 28
1524 2876 1593 2920 De
1626 2876 1842 2923 oleastrfi.

0 2940 10 2994 g
170 2934 410 2979 Oleastrus
445 2933 499 2978 G.
622 2932 723 2976 ab&
757 2932 810 2976 G.

0 2999 24 3184 ι
258 3017 480 3049 Theodorus
502 3014 733 3057 Priscianus,
757 3015 812 3047 ed.
829 3015 862 3048 R
871 3023 892 3047 o
903 3024 920 3047 s
930 3024 964 3047 e.
1523 3013 1579 3052 27
