1950 3172
141 111 257 167 252
674 112 992 158 THEODORI
1019 111 1321 156 PBISCIANI
1345 105 1348 109 ⁴

146 267 274 318 quae
310 251 442 303 >sorte
487 252 687 301 inventa
732 250 884 300 fuerit
927 238 1187 315 incapite
1234 265 1500 300 aenearum
1552 226 1846 302 statuarum4

145 341 262 377 nam
301 331 351 375 et
395 324 633 389 reliquias
677 322 820 373 bovis
865 325 1082 389 potantis
1130 325 1174 373 si
1221 325 1334 389 quis
1389 323 1573 374 biberit
1615 324 1845 375 molestia

147 401 325 465 capitis
379 397 693 448 relevabitur.
770 412 943 463 spuma
997 412 1114 447 vero
1178 399 1286 448 eius
1349 398 1501 448 fronti
1557 397 1681 449 illita
1733 398 1873 465 lege·

147 474 418 523 secretiore
457 477 662 522 naturae
709 485 882 536 graves
929 471 1301 537 inquietudines
1347 473 1523 538 capitis
1562 472 1717 523 sedat.
1793 479 1844 523 et

103 558 126 591 5
150 547 365 596 cornicis
420 544 683 595 cerebrum
738 560 935 611 quoquo
989 545 1112 595 libet
1164 561 1346 611 genere
1393 552 1650 611 acceptum
1704 548 1846 612 paria

146 621 277 671 facit.
341 619 571 669 similiter
602 621 751 669 etiam
789 621 948 669 muris
978 619 1186 670 cerebro
1213 616 1438 670 ‘comesto
1469 625 1647 670 natura
1685 622 1843 670 omni-

146 709 327 759 parens
388 708 623 758 magnum
683 693 960 743 remedium
1031 700 1177 759 caput
1238 693 1518 744 dolentibus
1580 695 1845 759 praestitit.

147 768 335 818 ferulae
392 782 589 833 quoque
645 767 930 817 combustae
986 769 1113 817 cinis
1169 768 1276 817 oleo
1331 770 1515 818 mixtus
1570 769 1722 818 fronti
1766 768 1847 818 vel

148 844 299 907 capiti
338 841 494 891 illitus
533 841 906 907 inquietudines
946 844 1121 907 capitis
1161 857 1307 907 saepe
1348 842 1550 892 sedavit.
1629 848 1847 892 attamen

81 928 126 960 10
151 918 299 965 etiam
348 915 409 965 de
455 915 666 965 vulturis
713 915 919 965 cerebro
973 918 1127 965 mixto
1183 915 1290 966 oleo
1344 922 1641 982 perunctum
1697 922 1845 981 caput

1799 0 1804 2 γ
1839 0 1849 14 g
1872 0 1950 268 εἶ

1874 22 1883 30 2
1896 22 1903 36 ,.

1926 269 1950 295 ’ἲ

148 991 460 1055 frequentius
493 989 756 1039 liberatum
782 995 871 1039 est.
928 1005 955 1038 o
990 996 1228 1056 quantum
1259 996 1463 1040 naturae
1496 991 1848 1057 venerationiS,
1928 1051 1931 1054 Δ

148 1079 263 1114 cum
301 1070 558 1128 magnetes
596 1063 722 1129 lapis
763 1063 989 1113 admotus
1029 1066 1179 1129 capiti
1227 1079 1286 1113 ex
1338 1063 1594 1114 altitudine
1634 1063 1846 1114 latentes

146 1137 350 1187 morbos
384 1139 590 1204 eripuit,
634 1143 687 1193 et
731 1137 880 1187 nidus
927 1137 1250 1188 hirundinum
1288 1153 1402 1187 mox
1443 1139 1698 1203 expositus
1740 1153 1843 1187 om-

148 1214 229 1261 nis
271 1227 383 1261 cum
424 1218 562 1261 aceto
605 1213 849 1265 contritus
889 1212 1041 1261 fronti
1080 1211 1236 1262 illitus
1274 1227 1365 1278 par
1394 1211 1693 1262 beneficium
1729 1227 1845 1278 pro-

84 1296 130 1330 15
154 1287 358 1336 curavit.
1450 1277 1469 1292 ’”

299 1359 421 1409 haec
469 1360 622 1425 fysica
661 1359 881 1409 remedia
922 1359 1152 1409 sufficere
1193 1359 1407 1409 arbit-ror
1447 1366 1593 1425 caput
1636 1359 1845 1409 dolenti—

148 1433 260 1483 bus.
302 1433 481 1483 exhinc
522 1435 670 1483 etiam
711 1434 770 1483 de
812 1433 1142 1500 epilempticis
1183 1433 1544 1483 ordinabimus:

271 1594 294 1633 1
315 1591 371 1645 ef.
391 1590 605 1635 Ps.Plin.
626 1592 726 1636 med
742 1595 784 1647 1,
809 1595 834 1635 1
857 1595 931 1646 (ex
948 1591 1111 1647 Ptm,
1134 1594 1261 1647 170),
1278 1592 1481 1649 Marep.
1509 1593 1583 1649 35,
1607 1595 1650 1636 1.
1738 1594 1767 1634 2
1786 1591 1850 1646 ef.

147 1649 225 1694 Ps.
240 1650 368 1694 Ph'n.
390 1651 417 1694 Z.
436 1664 471 1694 c.
493 1653 568 1706 (ex
584 1650 661 1695 ΡΖ.
680 1653 757 1703 28,
777 1654 907 1703 166).
938 1651 1087 1695 Mare.
1101 1655 1220 1707 1235
1240 1655 1299 1705 (v.
1324 1655 1383 1696 11
1399 1652 1524 1707 infi).
1598 1656 1623 1695 3
1643 1649 1851 1709 spu<ma1

148 1707 369 1768 -illita>
400 1711 453 1754 in
482 1723 574 1756 ras.
606 1709 665 1755 Β.
789 1713 815 1752 5
848 1708 1067 1755 cornicis:
1099 1710 1157 1764 ef.
1182 1710 1332 1755 Marc.
1358 1725 1408 1768 p.
1435 1713 1507 1766 36,
1531 1713 1607 1756 12.
1731 1722 1844 1765 quo-

148 1781 240 1824 quo
273 1767 392 1812 libet
422 1768 489 1813 Βε
524 1767 738 1824 quolibet
768 1768 887 1814 Neu.
915 1770 988 1825 (cf.
1023 1770 1154 1823 infra
1186 1782 1371 1825 quoquo
1402 1771 1572 1826 pacto).
1719 1771 1745 1811 8
1777 1768 1845 1812 fe-

146 1826 281 1871 rulae
312 1833 389 1872 ete.
422 1829 656 1885 sequentia
687 1828 862 1873 Gareno
901 1830 1039 1873 veteri
1077 1830 1223 1873 latino
1256 1830 1357 1886 (qui
1387 1830 1440 1873 de
1477 1829 1680 1884 febribus
1709 1828 1850 1886 vulyo

146 1888 437 1942 inscribitur)
468 1888 632 1932 addita
670 1888 778 1953 leyit
811 1887 1064 1944 Garipotus
1087 1889 1149 1931 II
1158 1922 1173 1943 ,
1196 1891 1268 1932 14.
1315 1892 1366 1932 at
1406 1902 1501 1932 non
1537 1888 1763 1932 habentur
1792 1889 1845 1930 in

150 1945 255 1991 Gal.
290 1947 385 1991 eod.
419 1945 552 1991 Leid.
648 1950 674 1989 9
706 1945 928 2005 1lli<tus>
960 1948 1014 1990 in
1043 1961 1133 1991 ras.
1167 1947 1226 1991 Β.
1335 1946 1542 1990 sedavit:
1576 1946 1776 1990 sedabat
1797 1945 1850 1989 Β

146 2005 316 2061 (Neu.).
530 2006 762 2050 attamen:
793 2007 981 2049 tantum
1005 2007 1102 2063 (sic)
1126 2006 1172 2050 Β
1196 2007 1355 2063 (fuerit
1383 2007 1478 2051 scil.
1513 2005 1662 2050 sedasr
1691 2007 1846 2062 attin).

142 2068 337 2110 ceterum
368 2064 425 2119 cf.
459 2063 607 2109 Marc.
634 2078 684 2121 p.
710 2067 787 2120 36,
809 2067 880 2110 14.
1065 2070 1118 2109 11
1152 2066 1349 2110 vulturis
1379 2066 1555 2111 cerebro
1590 2064 1845 2122 Garipotus

144 2124 386 2181 subiunyit
415 2123 544 2168 haec:
579 2123 771 2181 sanguis
804 2123 926 2167 asini
958 2137 1064 2167 cum
1089 2138 1198 2169 suco
1221 2124 1395 2168 herbae
1420 2123 1702 2168 cocodrillae
1726 2125 1843 2182 (cro-

147 2180 381 2226 codileam
412 2183 526 2228 dicit
551 2182 679 2227 Hm.
705 2185 784 2235 28,
810 2185 918 2240 108)
947 2183 1223 2227 commixtus
1257 2184 1305 2228 et
1334 2182 1517 2227 infusus
1550 2182 1697 2240 ca'piti
1725 2183 1848 2228 mire

149 2241 378 2286 subvenit.
500 2241 816 2286 venerationis
842 2242 1079 2300 [debetur]
1111 2244 1217 2288 add.
1249 2243 1369 2289 Neu.
1492 2247 1547 2286 12
1573 2246 1629 2286 cu
1654 2244 1751 2299 (sie)
1774 2243 1841 2287 B:

145 2299 272 2344 Nam
302 2301 421 2345 Neu.
543 2302 787 2357 magnetes
819 2301 866 2344 Β
890 2303 972 2357 (sic
1002 2307 1056 2346 et·
1074 2302 1224 2347 Mare.
1250 2316 1300 2359 p.
1327 2306 1403 2357 36,
1425 2306 1475 2347 1:
1507 2314 1701 2359 magnes
1720 2302 1843 2347 Neu.

145 2361 218 2415 (de
249 2364 453 2418 magnete
484 2373 566 2404 om.
605 2361 749 2417 Gan).
858 2365 911 2403 13
947 2360 1108 2406 nidus:
1141 2360 1266 2404 nidis
1298 2362 1343 2405 Β
1368 2361 1534 2418 (Neu).
1627 2360 1842 2404 omnisB

147 2421 221 2474 (sc.
255 2434 357 2463 eum
389 2420 563 2476 lapillis
587 2420 640 2464 de
665 2421 828 2477 quibus
844 2419 993 2465 Marc.
1005 2434 1055 2477 p.
1074 2423 1148 2474 36,
1168 2422 1234 2477 9>ε
1269 2422 1409 2476 atque
1426 2421 1544 2464 Neu.
1641 2424 1695 2463 14
1714 2419 1840 2463 fron-

143 2477 318 2536 ti[que]
351 2479 457 2523 add.
491 2478 609 2523 Neu.
757 2482 811 2523 16
843 2478 960 2523 haec
989 2477 1188 2536 physica
1218 2478 1369 2523 dolori
1402 2478 1571 2536 capitis
1602 2478 1842 2522 sufficiant

143 2538 211 2582 sic
239 2538 348 2582 Gar.
376 2536 524 2594 (fisica
548 2539 625 2594 Β).
801 2541 854 2581 17
887 2537 1073 2583 exhinc:
1108 2538 1144 2582 sc
1174 2537 1284 2582 hinc
1316 2539 1362 2582 Β
1380 2539 1548 2595 (Neu.).
1716 2537 1838 2582 ordi-

145 2595 387 2641 nabimus:
421 2596 632 2641 —vimus
663 2598 710 2641 Β
742 2596 894 2654 (Neu.‚
928 2600 1007 2656 qui
1038 2599 1145 2642 add.
1178 2598 1412 2653 quaedam
1443 2597 1570 2653 ord).
