1988 3184
209 133 319 187 432

268 679 332 734 (4)
364 676 475 720 huic
500 689 611 733 ergo
636 675 875 720 calvariae
900 675 1054 719 subie-

210 738 318 780 cent
355 737 612 792 tempora
651 748 741 791 que
787 734 1055 779 continetur

211 794 448 851 spiritales
473 794 664 852 (spales)
688 793 887 839 venibus
907 807 1052 838 venas

212 853 391 898 cerebri
452 853 623 909 quibus
695 853 881 910 positae
944 855 1054 897 sunt

210 912 541 970 supercilia.
586 928 676 972 que
710 914 820 956 sunt
851 911 1051 969 capillus

207 971 420 1017 vestitas.
480 985 625 1028 quare
678 971 780 1028 ipse
835 971 1051 1028 copiosus

209 1031 399 1088 sanguis
442 1045 526 1087 per
568 1031 722 1075 fronte
766 1030 1052 1075 discenderit

209 1090 396 1147 aposita
429 1089 732 1134 obtenatione
773 1089 1052 1146 capillorum

209 1149 488 1194 continetur.
539 1150 685 1193 donec
722 1148 943 1206 apollicio
977 1163 1049 1192 su-

209 1208 293 1251 dor
324 1207 547 1252 collectus
581 1208 728 1252 oculis
762 1208 925 1257 obesse
957 1222 1052 1252 non

207 1266 369 1323 possit.

266 1637 327 1692 (5)
368 1635 521 1679 oculi
561 1638 721 1679 autem
758 1635 861 1692 ipse
901 1636 1050 1679 conti-

206 1697 407 1738 neantur
453 1709 559 1739 cum
602 1695 837 1739 exvasisse
886 1695 1050 1739 crebra

205 1754 294 1797 hoc
342 1757 413 1798 est
450 1754 628 1799 ventris
673 1753 907 1799 cerebelli.
957 1755 1049 1798 duo

205 1812 438 1857 foramina
468 1813 685 1857 uriuntur
707 1827 791 1870 per
814 1827 930 1869 quas
957 1813 1050 1857 sin-

207 1872 343 1928 gulas
374 1873 557 1917 radices
592 1872 898 1917 tenuissimae
929 1873 1049 1917 bene

209 1931 265 1975 de
318 1934 454 1988 parte
510 1933 687 1977 dextra.
751 1932 802 1975 in
859 1931 1050 1976 sinistra

207 1992 366 2034 autem
418 1991 552 2034 uului
607 1991 847 2035 oculorum
901 1990 1047 2035 conti-

207 2051 356 2094 netur.
400 2050 630 2094 tunicas
664 2052 901 2106 quattuor.
936 2064 1049 2106 quo-

206 2109 344 2152 modo
383 2109 658 2155 intenditur.
702 2109 856 2167 prima
886 2109 1049 2153 tunica

206 2170 335 2212 cerat
350 2168 484 2212 uedis
503 2168 688 2214 dicitur.
716 2169 921 2213 secunda
937 2183 1048 2213 vero

204 2227 424 2285 raguedis
435 2227 578 2272 tertia
587 2242 697 2272 vero
711 2227 1045 2273 ministruedis.

206 2288 375 2341 quarta
420 2289 579 2331 autem
618 2287 928 2332 cristaluedis
977 2302 1057 2331 mm

205 2345 332 2401 gella
363 2359 473 2390 vero
506 2360 666 2390 eorum
695 2346 826 2391 urbis
862 2346 934 2406 ire
967 2361 1047 2403 ap-

203 2403 454 2459 pellantur.
494 2405 544 2448 in
582 2405 739 2450 medio
781 2407 941 2450 autem
971 2420 1046 2449 ur-

203 2462 335 2506 bium
375 2466 507 2508 actus
546 2464 623 2509 vel
660 2464 842 2525 pupille
886 2464 1047 2521 appel-

203 2519 363 2565 lantur
383 2537 467 2579 per
490 2538 607 2579 quas
624 2524 778 2568 visum
799 2524 1045 2568 cernimus.

205 2579 289 2623 alii
330 2584 489 2625 autem
529 2582 693 2626 dicunt
730 2597 826 2627 non
865 2597 965 2628 esse
996 2583 1047 2626 in

205 2639 352 2683 oculis
406 2640 591 2685 tunicas
648 2642 730 2686 sed
789 2642 1045 2687 humorem.

205 2696 324 2741 sicat
356 2699 453 2743 sole
485 2699 536 2742 in
559 2715 653 2755 qua
681 2700 870 2744 balasin
899 2701 1046 2745 nasci.

208 2755 508 2801 dominantur
532 2761 692 2803 autem
707 2759 757 2803 in
774 2760 921 2804 oculis
946 2761 1046 2804 hu-

204 2827 383 2858 mores
415 2818 510 2860 tres
549 2817 699 2861 salsus
738 2818 957 2862 humidus
999 2821 1047 2863 et

204 2870 416 2927 frigidus.
452 2875 817 2932 asclepiades
851 2891 928 2921 ore
962 2892 1045 2922 suo

556 2942 592 2983 I
611 2941 695 2996 (G)

1161 676 1224 732 (4)
1245 673 1354 719 huic
1375 688 1486 732 ergo
1507 674 1714 736 calvarie
1737 676 1903 721 dextra
1980 674 1988 689 ³

1100 733 1300 790 levaque
1346 736 1562 792 tempora
1607 747 1698 791 que
1752 734 1903 780 conti-

1099 794 1271 837 nentur
1303 793 1597 851 spiritalibus
1625 793 1758 839 venis
1782 793 1902 839 cele-

1099 851 1187 897 bri.
1259 853 1430 909 quibus
1493 852 1736 914 subposite
1793 855 1903 898 sunt

1101 911 1353 968 supercilia
1389 911 1512 969 pilos
1555 912 1767 958 vestitas.
1814 925 1900 970 pro

1099 984 1194 1026 qua
1223 976 1303 1016 re?
1344 973 1399 1015 ut
1430 971 1470 1015 si
1502 971 1718 1028 copiosus
1759 972 1901 1016 sudor

1097 1043 1182 1086 per
1193 1029 1347 1074 fronte
1366 1030 1673 1076 descenderit.
1687 1033 1742 1074 ut
1758 1031 1900 1075 sudor

1097 1088 1198 1145 ipse
1213 1089 1563 1134 abhesitatione
1574 1089 1779 1147 pilorum
1792 1103 1901 1134 con-

1097 1147 1318 1194 tineatur.
1368 1150 1422 1193 ut
1476 1162 1554 1193 eos
1602 1148 1758 1193 ledere
1804 1162 1900 1193 non

1095 1209 1268 1263 posset.

1158 1637 1220 1692 (5)
1260 1634 1385 1679 oculi
1428 1635 1587 1679 autem
1625 1634 1718 1691 ipsi
1749 1635 1899 1679 conti-

1096 1696 1267 1739 nentur
1284 1694 1370 1738 sub
1394 1707 1506 1738 vase
1531 1693 1707 1739 celebri
1728 1693 1780 1738 in
1805 1695 1896 1739 duo

1096 1753 1329 1798 foramina
1359 1767 1443 1811 per
1473 1753 1644 1809 quibus
1685 1753 1899 1798 oriuntur

1095 1812 1370 1858 tenuissime
1385 1827 1503 1873 vene
1528 1813 1611 1869 qui
1635 1826 1712 1857 eos
1732 1813 1898 1857 dextra

1098 1871 1290 1917 sinistra
1320 1871 1519 1917 volvunt
1555 1871 1895 1929 conspicientes

1096 1931 1284 1988 ubique.

1097 2049 1222 2094 oculi
1252 2063 1363 2094 vero
1388 2048 1482 2106 ipsi
1504 2049 1685 2093 habent
1707 2048 1895 2093 tunicas

1096 2110 1321 2165 quattuor
1359 2109 1436 2153 vel
1475 2108 1682 2164 quinque
1725 2110 1774 2152 et
1810 2108 1896 2152 hu·-

1094 2168 1303 2212 moribus
1335 2167 1500 2212 tribus,
1549 2168 1783 2223 quomodo
1825 2169 1897 2212 est

1094 2227 1341 2272 intendite.
1402 2226 1554 2284 prima
1606 2226 1769 2271 tunica
1824 2228 1897 2271 est

1095 2301 1185 2346 que
1219 2286 1488 2344 appellatur
1526 2287 1696 2331 cerato.
1741 2285 1794 2329 id.
1825 2287 1897 2330 est

1095 2347 1300 2390 secunda
1352 2359 1472 2404 rece.
1528 2345 1579 2388 id
1633 2346 1705 2389 est
1753 2344 1898 2389 tertia

1094 2405 1222 2450 trito.
1263 2405 1315 2448 id
1353 2407 1426 2449 est
1456 2406 1627 2460 quarta
1661 2403 1803 2448 disco.
1844 2403 1897 2447 id.

1094 2466 1167 2509 est
1199 2464 1366 2520 quinta
1398 2463 1654 2508 christallo.
1688 2462 1740 2506 id
1771 2464 1854 2508 est.

1093 2773 1314 2804 numerus
1341 2760 1500 2803 autem
1525 2760 1634 2802 sunt
1657 2759 1766 2802 tres,
1799 2756 1894 2800 his-

1092 2821 1253 2922 gllss'agss.
1287 2817 1339 2862 id
1378 2820 1451 2862 est
1499 2816 1701 2874 hylodis.
1750 2815 1894 2860 chris—

1404 2944 1470 2987 II
1487 2942 1570 2999 (L)
