<?xml version="1.0" encoding="UTF-8"?>
<!DOCTYPE html PUBLIC "-//W3C//DTD XHTML 1.0 Transitional//EN"
    "http://www.w3.org/TR/xhtml1/DTD/xhtml1-transitional.dtd">
<html xmlns="http://www.w3.org/1999/xhtml" xml:lang="en" lang="en">
 <head>
  <title>
</title>
<meta http-equiv="Content-Type" content="text/html;charset=utf-8" />
  <meta name='ocr-system' content='tesseract 3.04.00' />
  <meta name='ocr-capabilities' content='ocr_page ocr_carea ocr_par ocr_line ocrx_word'/>
</head>
<body>
  <div class='ocr_page' id='page_1' title='image "./theoeuporislibr00prisuoft_0386.png"; bbox 0 0 1988 3184; ppageno 0'>
   <div class='ocr_carea' id='block_1_1' title="bbox 140 540 162 573">
    <p class='ocr_par' dir='ltr' id='par_1_1' title="bbox 140 540 162 573">
     <span class='ocr_line' id='line_1_1' title="bbox 140 540 162 573; baseline 0 0"><span class='ocrx_word' id='word_1_1' title='bbox 140 540 162 573; x_wconf 87' lang='lat'>5</span> 
     </span>
    </p>
   </div>
   <div class='ocr_carea' id='block_1_2' title="bbox 118 864 161 896">
    <p class='ocr_par' dir='ltr' id='par_1_2' title="bbox 118 864 161 896">
     <span class='ocr_line' id='line_1_2' title="bbox 118 864 161 896; baseline 0.023 -1"><span class='ocrx_word' id='word_1_2' title='bbox 118 864 161 896; x_wconf 89' lang='lat'>10</span> 
     </span>
    </p>
   </div>
   <div class='ocr_carea' id='block_1_3' title="bbox 1746 0 1988 350">
    <p class='ocr_par' dir='ltr' id='par_1_3' title="bbox 1746 0 1988 350">
     <span class='ocr_line' id='line_1_3' title="bbox 1746 0 1988 350; baseline 0 0"><span class='ocrx_word' id='word_1_3' title='bbox 1746 0 1988 350; x_wconf 95' lang='lat' dir='ltr'>   </span> 
     </span>
    </p>
   </div>
   <div class='ocr_carea' id='block_1_4' title="bbox 183 124 1335 184">
    <p class='ocr_par' dir='ltr' id='par_1_4' title="bbox 183 124 1335 184">
     <span class='ocr_line' id='line_1_4' title="bbox 183 124 1335 184; baseline -0.001 -16"><span class='ocrx_word' id='word_1_4' title='bbox 183 129 295 184; x_wconf 84' lang='lat'>354</span> <span class='ocrx_word' id='word_1_5' title='bbox 737 124 1314 184; x_wconf 72' lang='lat' dir='ltr'>PssUDo-Tflnonom</span> <span class='ocrx_word' id='word_1_6' title='bbox 1332 156 1335 158; x_wconf 86' lang='lat'>.</span> 
     </span>
    </p>
   </div>
   <div class='ocr_carea' id='block_1_5' title="bbox 182 242 1944 462">
    <p class='ocr_par' dir='ltr' id='par_1_5' title="bbox 182 242 1944 462">
     <span class='ocr_line' id='line_1_5' title="bbox 182 242 1906 315; baseline -0.001 -9"><span class='ocrx_word' id='word_1_7' title='bbox 182 262 344 308; x_wconf 90' lang='lat' dir='ltr'>lorem.</span> <span class='ocrx_word' id='word_1_8' title='bbox 381 260 533 305; x_wconf 88' lang='lat' dir='ltr'>herba</span> <span class='ocrx_word' id='word_1_9' title='bbox 571 256 813 302; x_wconf 88' lang='lat' dir='ltr'>artemisia</span> <span class='ocrx_word' id='word_1_10' title='bbox 850 255 1152 301; x_wconf 87' lang='lat' dir='ltr'>monoclonos</span> <span class='ocrx_word' id='word_1_11' title='bbox 1185 256 1311 301; x_wconf 86' lang='lat' dir='ltr'>sicca</span> <span class='ocrx_word' id='word_1_12' title='bbox 1353 257 1402 302; x_wconf 89' lang='lat' dir='ltr'>et</span> <span class='ocrx_word' id='word_1_13' title='bbox 1438 257 1490 303; x_wconf 91' lang='lat' dir='ltr'>in</span> <span class='ocrx_word' id='word_1_14' title='bbox 1525 242 1768 315; x_wconf 83' lang='lat' dir='ltr'>pulverem</span> <span class='ocrx_word' id='word_1_15' title='bbox 1801 271 1876 313; x_wconf 74' lang='lat' dir='ltr'>re·-</span> <span class='ocrx_word' id='word_1_16' title='bbox 1903 264 1906 265; x_wconf 72' lang='grc'>’</span> 
     </span>
     <span class='ocr_line' id='line_1_6' title="bbox 185 321 1878 379; baseline 0 -6"><span class='ocrx_word' id='word_1_17' title='bbox 185 329 327 372; x_wconf 86' lang='lat' dir='ltr'>dacta</span> <span class='ocrx_word' id='word_1_18' title='bbox 374 340 480 371; x_wconf 90' lang='lat' dir='ltr'>cum</span> <span class='ocrx_word' id='word_1_19' title='bbox 523 322 681 367; x_wconf 86' lang='lat' dir='ltr'>mulsa</span> <span class='ocrx_word' id='word_1_20' title='bbox 721 321 858 379; x_wconf 90' lang='lat' dir='ltr'>potui</span> <span class='ocrx_word' id='word_1_21' title='bbox 905 322 1020 367; x_wconf 88' lang='lat' dir='ltr'>data</span> <span class='ocrx_word' id='word_1_22' title='bbox 1064 321 1277 367; x_wconf 85' lang='lat' dir='ltr'>matricis</span> <span class='ocrx_word' id='word_1_23' title='bbox 1326 322 1537 369; x_wconf 87' lang='lat' dir='ltr'>dolorem</span> <span class='ocrx_word' id='word_1_24' title='bbox 1573 326 1623 370; x_wconf 86' lang='lat' dir='ltr'>et</span> <span class='ocrx_word' id='word_1_25' title='bbox 1667 324 1878 373; x_wconf 78' lang='lat' dir='ltr'>omnium</span> 
     </span>
     <span class='ocr_line' id='line_1_7' title="bbox 183 387 1944 462; baseline 0 -23"><span class='ocrx_word' id='word_1_26' title='bbox 183 395 536 439; x_wconf 76' lang='lat' dir='ltr'>interaneorum</span> <span class='ocrx_word' id='word_1_27' title='bbox 549 388 692 436; x_wconf 84' lang='lat' dir='ltr'>tollit.</span> <span class='ocrx_word' id='word_1_28' title='bbox 718 388 835 433; x_wconf 90' lang='lat' dir='ltr'>item</span> <span class='ocrx_word' id='word_1_29' title='bbox 858 388 922 434; x_wconf 89' lang='lat' dir='ltr'>ad</span> <span class='ocrx_word' id='word_1_30' title='bbox 945 387 1156 462; x_wconf 78' lang='lat' dir='ltr'>dolorem</span> <span class='ocrx_word' id='word_1_31' title='bbox 1170 388 1394 434; x_wconf 85' lang='lat' dir='ltr'>matricis.</span> <span class='ocrx_word' id='word_1_32' title='bbox 1426 389 1559 448; x_wconf 76' lang='lat' dir='ltr'>potio</span> <span class='ocrx_word' id='word_1_33' title='bbox 1583 391 1647 436; x_wconf 86' lang='lat' dir='ltr'>ad</span> <span class='ocrx_word' id='word_1_34' title='bbox 1662 405 1877 445; x_wconf 74' lang='lat' dir='ltr'>somnum</span> <span class='ocrx_word' id='word_1_35' title='bbox 1942 409 1944 414; x_wconf 69' lang='grc'>’</span> 
     </span>
    </p>
   </div>
   <div class='ocr_carea' id='block_1_6' title="bbox 185 454 1956 512">
    <p class='ocr_par' dir='ltr' id='par_1_6' title="bbox 185 454 1956 512">
     <span class='ocr_line' id='line_1_8' title="bbox 185 454 1956 512; baseline 0 -8"><span class='ocrx_word' id='word_1_36' title='bbox 185 462 234 504; x_wconf 94' lang='lat' dir='ltr'>et</span> <span class='ocrx_word' id='word_1_37' title='bbox 265 471 451 504; x_wconf 89' lang='lat' dir='ltr'>omnem</span> <span class='ocrx_word' id='word_1_38' title='bbox 481 455 703 501; x_wconf 89' lang='lat' dir='ltr'>dolorem.</span> <span class='ocrx_word' id='word_1_39' title='bbox 744 454 844 512; x_wconf 88' lang='lat' dir='ltr'>apii</span> <span class='ocrx_word' id='word_1_40' title='bbox 875 454 1088 512; x_wconf 75' lang='lat' dir='ltr'>seminis,</span> <span class='ocrx_word' id='word_1_41' title='bbox 1128 454 1227 512; x_wconf 88' lang='lat' dir='ltr'>opii</span> <span class='ocrx_word' id='word_1_42' title='bbox 1257 469 1350 501; x_wconf 88' lang='lat' dir='ltr'>ana</span> <span class='ocrx_word' id='word_1_43' title='bbox 1366 466 1440 504; x_wconf 80' lang='lat'>÷</span> <span class='ocrx_word' id='word_1_44' title='bbox 1460 456 1484 500; x_wconf 96' lang='lat' dir='ltr'>I</span> <span class='ocrx_word' id='word_1_45' title='bbox 1515 456 1652 503; x_wconf 81' lang='lat' dir='ltr'>dabis</span> <span class='ocrx_word' id='word_1_46' title='bbox 1682 457 1734 503; x_wconf 88' lang='lat' dir='ltr'>in</span> <span class='ocrx_word' id='word_1_47' title='bbox 1763 457 1875 504; x_wconf 82' lang='lat' dir='ltr'>vino</span> <span class='ocrx_word' id='word_1_48' title='bbox 1954 463 1956 465; x_wconf 81' lang='grc'><strong>’</strong></span> 
     </span>
    </p>
   </div>
   <div class='ocr_carea' id='block_1_7' title="bbox 183 520 1878 980">
    <p class='ocr_par' dir='ltr' id='par_1_7' title="bbox 183 520 1878 911">
     <span class='ocr_line' id='line_1_9' title="bbox 187 520 1876 579; baseline 0.001 -11"><span class='ocrx_word' id='word_1_49' title='bbox 187 524 327 569; x_wconf 88' lang='lat' dir='ltr'>dulci.</span> <span class='ocrx_word' id='word_1_50' title='bbox 376 523 492 567; x_wconf 90' lang='lat' dir='ltr'>item</span> <span class='ocrx_word' id='word_1_51' title='bbox 538 522 601 566; x_wconf 92' lang='lat' dir='ltr'>ad</span> <span class='ocrx_word' id='word_1_52' title='bbox 644 520 857 567; x_wconf 80' lang='lat' dir='ltr'>matricis</span> <span class='ocrx_word' id='word_1_53' title='bbox 897 521 1108 568; x_wconf 88' lang='lat' dir='ltr'>dolorem</span> <span class='ocrx_word' id='word_1_54' title='bbox 1146 524 1194 568; x_wconf 90' lang='lat' dir='ltr'>et</span> <span class='ocrx_word' id='word_1_55' title='bbox 1230 522 1633 579; x_wconf 69' lang='lat' dir='ltr'><strong>praefocationem</strong></span> <span class='ocrx_word' id='word_1_56' title='bbox 1678 526 1739 574; x_wconf 41' lang='lat' dir='ltr'>et.</span> <span class='ocrx_word' id='word_1_57' title='bbox 1771 538 1876 570; x_wconf 89' lang='lat' dir='ltr'>ner-</span> 
     </span>
     <span class='ocr_line' id='line_1_10' title="bbox 183 586 1876 647; baseline 0.001 -12"><span class='ocrx_word' id='word_1_58' title='bbox 183 604 349 635; x_wconf 88' lang='lat' dir='ltr'>vorum</span> <span class='ocrx_word' id='word_1_59' title='bbox 378 587 635 646; x_wconf 80' lang='lat' dir='ltr'>passiones,</span> <span class='ocrx_word' id='word_1_60' title='bbox 670 586 828 643; x_wconf 85' lang='lat' dir='ltr'>spicae</span> <span class='ocrx_word' id='word_1_61' title='bbox 859 586 1061 644; x_wconf 83' lang='lat' dir='ltr'>indicae,</span> <span class='ocrx_word' id='word_1_62' title='bbox 1093 587 1198 633; x_wconf 88' lang='lat' dir='ltr'>folii</span> <span class='ocrx_word' id='word_1_63' title='bbox 1212 624 1223 645; x_wconf 86' lang='lat'>‚</span> <span class='ocrx_word' id='word_1_64' title='bbox 1256 589 1438 635; x_wconf 82' lang='lat' dir='ltr'>stafidis</span> <span class='ocrx_word' id='word_1_65' title='bbox 1470 589 1653 647; x_wconf 82' lang='lat' dir='ltr'>agriae,</span> <span class='ocrx_word' id='word_1_66' title='bbox 1693 590 1876 637; x_wconf 84' lang='lat' dir='ltr'>cassiae</span> 
     </span>
     <span class='ocr_line' id='line_1_11' title="bbox 185 652 1875 716; baseline 0.004 -20"><span class='ocrx_word' id='word_1_67' title='bbox 185 670 277 700; x_wconf 81' lang='lat' dir='ltr'>ana</span> <span class='ocrx_word' id='word_1_68' title='bbox 301 665 359 703; x_wconf 74' lang='lat'>÷</span> <span class='ocrx_word' id='word_1_69' title='bbox 382 654 417 711; x_wconf 91' lang='lat' dir='ltr'>I,</span> <span class='ocrx_word' id='word_1_70' title='bbox 450 653 570 698; x_wconf 92' lang='lat' dir='ltr'>costi</span> <span class='ocrx_word' id='word_1_71' title='bbox 592 666 653 703; x_wconf 86' lang='grc'>-;-</span> <span class='ocrx_word' id='word_1_72' title='bbox 667 653 748 710; x_wconf 87' lang='grc' dir='ltr'>ΙΠ,</span> <span class='ocrx_word' id='word_1_73' title='bbox 773 652 897 699; x_wconf 86' lang='lat' dir='ltr'>croci</span> <span class='ocrx_word' id='word_1_74' title='bbox 919 664 980 702; x_wconf 80' lang='lat'><strong>-—:-</strong></span> <span class='ocrx_word' id='word_1_75' title='bbox 1002 654 1038 711; x_wconf 91' lang='lat' dir='ltr'>I,</span> <span class='ocrx_word' id='word_1_76' title='bbox 1068 669 1253 700; x_wconf 87' lang='lat' dir='ltr'>murrae</span> <span class='ocrx_word' id='word_1_77' title='bbox 1275 666 1337 705; x_wconf 73' lang='grc' dir='ltr'>-ζ-</span> <span class='ocrx_word' id='word_1_78' title='bbox 1359 656 1417 713; x_wconf 87' lang='lat' dir='ltr'>H,</span> <span class='ocrx_word' id='word_1_79' title='bbox 1450 656 1608 714; x_wconf 82' lang='lat' dir='ltr'>cyperi</span> <span class='ocrx_word' id='word_1_80' title='bbox 1632 657 1758 716; x_wconf 70' lang='lat' dir='ltr'>scrip</span> <span class='ocrx_word' id='word_1_81' title='bbox 1772 658 1875 715; x_wconf 87' lang='grc' dir='ltr'>ΠΙΙ,</span> 
     </span>
     <span class='ocr_line' id='line_1_12' title="bbox 183 719 1878 780; baseline 0.003 -15"><span class='ocrx_word' id='word_1_82' title='bbox 183 722 307 765; x_wconf 89' lang='lat' dir='ltr'>ireos</span> <span class='ocrx_word' id='word_1_83' title='bbox 338 731 398 770; x_wconf 80' lang='lat'>—÷-</span> <span class='ocrx_word' id='word_1_84' title='bbox 420 721 462 777; x_wconf 87' lang='grc' dir='ltr'>Ι,</span> <span class='ocrx_word' id='word_1_85' title='bbox 501 719 740 764; x_wconf 84' lang='lat' dir='ltr'>medullae</span> <span class='ocrx_word' id='word_1_86' title='bbox 772 719 990 773; x_wconf 75' lang='lat' dir='ltr'>cervinae</span> <span class='ocrx_word' id='word_1_87' title='bbox 1020 732 1080 769; x_wconf 76' lang='lat'>—1—</span> <span class='ocrx_word' id='word_1_88' title='bbox 1102 721 1144 778; x_wconf 87' lang='lat'>1,</span> <span class='ocrx_word' id='word_1_89' title='bbox 1185 735 1321 768; x_wconf 88' lang='lat' dir='ltr'>cerae</span> <span class='ocrx_word' id='word_1_90' title='bbox 1359 723 1671 780; x_wconf 76' lang='lat' dir='ltr'>ponticae-2—</span> <span class='ocrx_word' id='word_1_91' title='bbox 1691 725 1748 772; x_wconf 89' lang='lat' dir='ltr'>H.</span> <span class='ocrx_word' id='word_1_92' title='bbox 1789 725 1878 770; x_wconf 82' lang='lat' dir='ltr'>de-</span> 
     </span>
     <span class='ocr_line' id='line_1_13' title="bbox 185 783 1878 846; baseline 0.003 -14"><span class='ocrx_word' id='word_1_93' title='bbox 185 801 355 843; x_wconf 87' lang='lat' dir='ltr'>coques</span> <span class='ocrx_word' id='word_1_94' title='bbox 404 798 511 831; x_wconf 88' lang='lat' dir='ltr'>cum</span> <span class='ocrx_word' id='word_1_95' title='bbox 551 785 748 831; x_wconf 81' lang='lat' dir='ltr'>defricto</span> <span class='ocrx_word' id='word_1_96' title='bbox 787 785 838 830; x_wconf 86' lang='lat' dir='ltr'>in</span> <span class='ocrx_word' id='word_1_97' title='bbox 876 783 1068 831; x_wconf 77' lang='lat' dir='ltr'>medum</span> <span class='ocrx_word' id='word_1_98' title='bbox 1104 787 1281 846; x_wconf 91' lang='lat' dir='ltr'>mellis,</span> <span class='ocrx_word' id='word_1_99' title='bbox 1328 792 1496 846; x_wconf 88' lang='lat' dir='ltr'>postea</span> <span class='ocrx_word' id='word_1_100' title='bbox 1533 790 1790 836; x_wconf 83' lang='lat' dir='ltr'>medullam</span> <span class='ocrx_word' id='word_1_101' title='bbox 1828 794 1878 838; x_wconf 87' lang='lat' dir='ltr'>et</span> 
     </span>
     <span class='ocr_line' id='line_1_14' title="bbox 186 853 1360 911; baseline 0.002 -13"><span class='ocrx_word' id='word_1_102' title='bbox 186 868 341 898; x_wconf 86' lang='lat' dir='ltr'>ceram</span> <span class='ocrx_word' id='word_1_103' title='bbox 371 853 677 898; x_wconf 83' lang='lat' dir='ltr'>commiscens</span> <span class='ocrx_word' id='word_1_104' title='bbox 707 866 897 909; x_wconf 86' lang='lat' dir='ltr'>pessum</span> <span class='ocrx_word' id='word_1_105' title='bbox 927 853 1087 911; x_wconf 88' lang='lat' dir='ltr'>facies,</span> <span class='ocrx_word' id='word_1_106' title='bbox 1121 857 1169 899; x_wconf 90' lang='lat' dir='ltr'>et</span> <span class='ocrx_word' id='word_1_107' title='bbox 1199 855 1360 901; x_wconf 65' lang='lat' dir='ltr'>uteris</span> 
     </span>
    </p>

    <p class='ocr_par' dir='ltr' id='par_1_8' title="bbox 412 919 1646 980">
     <span class='ocr_line' id='line_1_15' title="bbox 412 919 1646 980; baseline 0.005 -17"><span class='ocrx_word' id='word_1_108' title='bbox 412 919 579 977; x_wconf 73' lang='lat' dir='ltr'>Explic</span> <span class='ocrx_word' id='word_1_109' title='bbox 609 919 845 966; x_wconf 87' lang='lat' dir='ltr'>Theodori</span> <span class='ocrx_word' id='word_1_110' title='bbox 874 920 1106 966; x_wconf 86' lang='lat' dir='ltr'>Prisciani</span> <span class='ocrx_word' id='word_1_111' title='bbox 1137 921 1363 968; x_wconf 72' lang='lat' dir='ltr'>archiatri</span> <span class='ocrx_word' id='word_1_112' title='bbox 1395 922 1646 980; x_wconf 79' lang='lat' dir='ltr'>Gynaecia.</span> 
     </span>
    </p>
   </div>
   <div class='ocr_carea' id='block_1_8' title="bbox 185 1066 1904 2480">
    <p class='ocr_par' dir='ltr' id='par_1_9' title="bbox 305 1066 1876 1127">
     <span class='ocr_line' id='line_1_16' title="bbox 305 1066 1876 1127; baseline 0.003 -17"><span class='ocrx_word' id='word_1_113' title='bbox 305 1073 328 1110; x_wconf 86' lang='lat'>1</span> <span class='ocrx_word' id='word_1_114' title='bbox 362 1067 510 1111; x_wconf 88' lang='lat' dir='ltr'>herba</span> <span class='ocrx_word' id='word_1_115' title='bbox 541 1066 648 1113; x_wconf 75' lang='lat' dir='ltr'>artki</span> <span class='ocrx_word' id='word_1_116' title='bbox 676 1105 684 1112; x_wconf 92' lang='lat'>.</span> <span class='ocrx_word' id='word_1_117' title='bbox 713 1104 721 1112; x_wconf 93' lang='lat'>.</span> <span class='ocrx_word' id='word_1_118' title='bbox 750 1102 759 1111; x_wconf 94' lang='lat'>.</span> <span class='ocrx_word' id='word_1_119' title='bbox 787 1067 911 1111; x_wconf 78' lang='lat' dir='ltr'>sicca</span> <span class='ocrx_word' id='word_1_120' title='bbox 941 1074 1018 1113; x_wconf 80' lang='lat' dir='ltr'>etc.</span> <span class='ocrx_word' id='word_1_121' title='bbox 1053 1070 1078 1113; x_wconf 81' lang='lat' dir='ltr'><strong><em>b</em></strong></span> <span class='ocrx_word' id='word_1_122' title='bbox 1110 1074 1152 1114; x_wconf 75' lang='lat' dir='ltr'>et</span> <span class='ocrx_word' id='word_1_123' title='bbox 1182 1071 1282 1126; x_wconf 86' lang='lat' dir='ltr'>(om.</span> <span class='ocrx_word' id='word_1_124' title='bbox 1315 1069 1479 1127; x_wconf 78' lang='lat' dir='ltr'>herba)</span> <span class='ocrx_word' id='word_1_125' title='bbox 1511 1086 1552 1115; x_wconf 88' lang='lat' dir='ltr'>a.</span> <span class='ocrx_word' id='word_1_126' title='bbox 1715 1084 1876 1116; x_wconf 92' lang='lat' dir='ltr'>mono·-</span> 
     </span>
    </p>

    <p class='ocr_par' dir='ltr' id='par_1_10' title="bbox 185 1127 1904 2480">
     <span class='ocr_line' id='line_1_17' title="bbox 186 1127 1878 1185; baseline 0.002 -14"><span class='ocrx_word' id='word_1_127' title='bbox 186 1127 345 1171; x_wconf 90' lang='lat' dir='ltr'>clonos</span> <span class='ocrx_word' id='word_1_128' title='bbox 379 1127 603 1184; x_wconf 89' lang='lat' dir='ltr'>(—don0s</span> <span class='ocrx_word' id='word_1_129' title='bbox 634 1129 679 1185; x_wconf 90' lang='grc'>9)</span> <span class='ocrx_word' id='word_1_130' title='bbox 712 1128 776 1185; x_wconf 76' lang='grc'>09</span> <span class='ocrx_word' id='word_1_131' title='bbox 809 1128 885 1182; x_wconf 79' lang='lat' dir='ltr'>(cf.</span> <span class='ocrx_word' id='word_1_132' title='bbox 917 1127 1073 1172; x_wconf 77' lang='lat' dir='ltr'>Diosc.</span> <span class='ocrx_word' id='word_1_133' title='bbox 1108 1131 1152 1183; x_wconf 85' lang='lat'>3,</span> <span class='ocrx_word' id='word_1_134' title='bbox 1184 1130 1314 1185; x_wconf 78' lang='lat'><strong><em>112):</em></strong></span> <span class='ocrx_word' id='word_1_135' title='bbox 1344 1142 1428 1174; x_wconf 87' lang='lat' dir='ltr'>om.</span> <span class='ocrx_word' id='word_1_136' title='bbox 1461 1144 1504 1174; x_wconf 85' lang='lat' dir='ltr'>a.</span> <span class='ocrx_word' id='word_1_137' title='bbox 1713 1134 1738 1172; x_wconf 82' lang='lat'><strong>2</strong></span> <span class='ocrx_word' id='word_1_138' title='bbox 1771 1143 1878 1174; x_wconf 92' lang='lat' dir='ltr'>cum</span> 
     </span>
     <span class='ocr_line' id='line_1_18' title="bbox 186 1185 1877 1245; baseline 0.002 -15"><span class='ocrx_word' id='word_1_139' title='bbox 186 1200 310 1242; x_wconf 90' lang='lat' dir='ltr'>aqua</span> <span class='ocrx_word' id='word_1_140' title='bbox 343 1188 391 1231; x_wconf 89' lang='lat' dir='ltr'>et</span> <span class='ocrx_word' id='word_1_141' title='bbox 420 1185 574 1230; x_wconf 89' lang='lat' dir='ltr'>mulsa</span> <span class='ocrx_word' id='word_1_142' title='bbox 604 1202 646 1245; x_wconf 90' lang='grc'>9,</span> <span class='ocrx_word' id='word_1_143' title='bbox 771 1186 886 1230; x_wconf 81' lang='lat' dir='ltr'>data</span> <span class='ocrx_word' id='word_1_144' title='bbox 918 1187 964 1232; x_wconf 88' lang='lat' dir='ltr'>b:</span> <span class='ocrx_word' id='word_1_145' title='bbox 998 1186 1060 1230; x_wconf 87' lang='lat' dir='ltr'>da</span> <span class='ocrx_word' id='word_1_146' title='bbox 1089 1201 1130 1244; x_wconf 91' lang='grc'>9,</span> <span class='ocrx_word' id='word_1_147' title='bbox 1164 1187 1205 1232; x_wconf 88' lang='grc'>01</span> <span class='ocrx_word' id='word_1_148' title='bbox 1238 1187 1423 1232; x_wconf 89' lang='lat' dir='ltr'>dederis</span> <span class='ocrx_word' id='word_1_149' title='bbox 1455 1203 1496 1233; x_wconf 85' lang='lat' dir='ltr'>a.</span> <span class='ocrx_word' id='word_1_150' title='bbox 1604 1187 1877 1233; x_wconf 88' lang='lat' dir='ltr'>matricis—</span> 
     </span>
     <span class='ocr_line' id='line_1_19' title="bbox 185 1245 1878 1307; baseline 0.002 -19"><span class='ocrx_word' id='word_1_151' title='bbox 185 1245 316 1290; x_wconf 90' lang='lat' dir='ltr'>tollit</span> <span class='ocrx_word' id='word_1_152' title='bbox 348 1247 394 1290; x_wconf 83' lang='lat' dir='ltr'>b:</span> <span class='ocrx_word' id='word_1_153' title='bbox 436 1245 567 1289; x_wconf 87' lang='lat' dir='ltr'>valet</span> <span class='ocrx_word' id='word_1_154' title='bbox 597 1261 640 1302; x_wconf 81' lang='lat' dir='ltr'>a,</span> <span class='ocrx_word' id='word_1_155' title='bbox 673 1258 756 1289; x_wconf 85' lang='lat' dir='ltr'>om.</span> <span class='ocrx_word' id='word_1_156' title='bbox 789 1260 818 1302; x_wconf 83' lang='lat'><em>9</em></span> <span class='ocrx_word' id='word_1_157' title='bbox 849 1259 951 1290; x_wconf 83' lang='lat' dir='ltr'>cum</span> <span class='ocrx_word' id='word_1_158' title='bbox 981 1259 1094 1303; x_wconf 78' lang='grc'>3099.</span> <span class='ocrx_word' id='word_1_159' title='bbox 1127 1260 1267 1304; x_wconf 76' lang='lat' dir='ltr'>usque</span> <span class='ocrx_word' id='word_1_160' title='bbox 1298 1248 1361 1292; x_wconf 82' lang='lat' dir='ltr'>ad</span> <span class='ocrx_word' id='word_1_161' title='bbox 1389 1248 1534 1302; x_wconf 74' lang='lat' dir='ltr'>finem.</span> <span class='ocrx_word' id='word_1_162' title='bbox 1569 1249 1650 1305; x_wconf 74' lang='lat' dir='ltr'>qui</span> <span class='ocrx_word' id='word_1_163' title='bbox 1679 1249 1820 1292; x_wconf 72' lang='lat' dir='ltr'>codem</span> <span class='ocrx_word' id='word_1_164' title='bbox 1848 1263 1878 1307; x_wconf 93' lang='grc'>9</span> 
     </span>
     <span class='ocr_line' id='line_1_20' title="bbox 186 1304 1878 1362; baseline 0.002 -14"><span class='ocrx_word' id='word_1_165' title='bbox 186 1319 340 1349; x_wconf 77' lang='lat' dir='ltr'>eorum</span> <span class='ocrx_word' id='word_1_166' title='bbox 369 1305 463 1349; x_wconf 79' lang='lat' dir='ltr'>vice</span> <span class='ocrx_word' id='word_1_167' title='bbox 492 1306 600 1349; x_wconf 82' lang='lat' dir='ltr'>haec</span> <span class='ocrx_word' id='word_1_168' title='bbox 624 1304 778 1350; x_wconf 73' lang='lat' dir='ltr'>aliena</span> <span class='ocrx_word' id='word_1_169' title='bbox 801 1305 955 1349; x_wconf 79' lang='lat' dir='ltr'>addit.-</span> <span class='ocrx_word' id='word_1_170' title='bbox 985 1304 1105 1349; x_wconf 86' lang='lat' dir='ltr'>Item</span> <span class='ocrx_word' id='word_1_171' title='bbox 1129 1305 1191 1353; x_wconf 87' lang='lat' dir='ltr'>ad</span> <span class='ocrx_word' id='word_1_172' title='bbox 1213 1305 1334 1350; x_wconf 83' lang='lat' dir='ltr'>vitia</span> <span class='ocrx_word' id='word_1_173' title='bbox 1359 1305 1517 1352; x_wconf 88' lang='lat' dir='ltr'>omnia</span> <span class='ocrx_word' id='word_1_174' title='bbox 1541 1320 1631 1362; x_wconf 90' lang='lat' dir='ltr'>que</span> <span class='ocrx_word' id='word_1_175' title='bbox 1654 1305 1706 1351; x_wconf 88' lang='lat' dir='ltr'>in</span> <span class='ocrx_word' id='word_1_176' title='bbox 1733 1306 1878 1351; x_wconf 82' lang='lat' dir='ltr'>vulva</span> 
     </span>
     <span class='ocr_line' id='line_1_21' title="bbox 185 1362 1877 1420; baseline 0.001 -14"><span class='ocrx_word' id='word_1_177' title='bbox 185 1363 362 1407; x_wconf 87' lang='lat' dir='ltr'>fuerint</span> <span class='ocrx_word' id='word_1_178' title='bbox 395 1365 627 1408; x_wconf 90' lang='lat' dir='ltr'>storacem</span> <span class='ocrx_word' id='word_1_179' title='bbox 650 1378 756 1407; x_wconf 90' lang='lat' dir='ltr'>cum</span> <span class='ocrx_word' id='word_1_180' title='bbox 781 1362 883 1407; x_wconf 89' lang='lat' dir='ltr'>oleo</span> <span class='ocrx_word' id='word_1_181' title='bbox 909 1377 1042 1407; x_wconf 90' lang='lat' dir='ltr'>roseo</span> <span class='ocrx_word' id='word_1_182' title='bbox 1066 1377 1256 1420; x_wconf 86' lang='lat' dir='ltr'>pessum</span> <span class='ocrx_word' id='word_1_183' title='bbox 1279 1363 1415 1409; x_wconf 85' lang='lat' dir='ltr'>inice.</span> <span class='ocrx_word' id='word_1_184' title='bbox 1448 1365 1567 1409; x_wconf 87' lang='lat' dir='ltr'>Item</span> <span class='ocrx_word' id='word_1_185' title='bbox 1592 1365 1654 1408; x_wconf 91' lang='lat' dir='ltr'>ad</span> <span class='ocrx_word' id='word_1_186' title='bbox 1685 1365 1877 1410; x_wconf 82' lang='lat' dir='ltr'>volvam</span> 
     </span>
     <span class='ocr_line' id='line_1_22' title="bbox 186 1422 1904 1481; baseline 0.002 -16"><span class='ocrx_word' id='word_1_187' title='bbox 186 1436 275 1478; x_wconf 89' lang='lat' dir='ltr'>que</span> <span class='ocrx_word' id='word_1_188' title='bbox 306 1424 455 1479; x_wconf 89' lang='lat' dir='ltr'>putet.</span> <span class='ocrx_word' id='word_1_189' title='bbox 489 1422 899 1480; x_wconf 73' lang='lat' dir='ltr'>auripigmentum.</span> <span class='ocrx_word' id='word_1_190' title='bbox 934 1424 1115 1466; x_wconf 87' lang='lat' dir='ltr'>cartam</span> <span class='ocrx_word' id='word_1_191' title='bbox 1138 1423 1443 1468; x_wconf 79' lang='lat' dir='ltr'>combustam.</span> <span class='ocrx_word' id='word_1_192' title='bbox 1479 1423 1673 1481; x_wconf 89' lang='lat' dir='ltr'>sulphur</span> <span class='ocrx_word' id='word_1_193' title='bbox 1701 1424 1875 1469; x_wconf 84' lang='lat' dir='ltr'>vivum.</span> <span class='ocrx_word' id='word_1_194' title='bbox 1902 1475 1904 1477; x_wconf 31' lang='grc'><strong>,</strong></span> 
     </span>
     <span class='ocr_line' id='line_1_23' title="bbox 185 1480 1878 1539; baseline 0.001 -13"><span class='ocrx_word' id='word_1_195' title='bbox 185 1482 331 1526; x_wconf 87' lang='lat' dir='ltr'>tunde</span> <span class='ocrx_word' id='word_1_196' title='bbox 363 1483 416 1524; x_wconf 87' lang='grc'>1113</span> <span class='ocrx_word' id='word_1_197' title='bbox 446 1480 574 1525; x_wconf 84' lang='grc'>101110</span> <span class='ocrx_word' id='word_1_198' title='bbox 607 1481 713 1525; x_wconf 87' lang='grc'>011113.</span> <span class='ocrx_word' id='word_1_199' title='bbox 759 1480 886 1524; x_wconf 86' lang='grc'>11113110</span> <span class='ocrx_word' id='word_1_200' title='bbox 927 1495 1135 1538; x_wconf 90' lang='lat' dir='ltr'>asperge.</span> <span class='ocrx_word' id='word_1_201' title='bbox 1179 1484 1227 1526; x_wconf 90' lang='lat' dir='ltr'>et</span> <span class='ocrx_word' id='word_1_202' title='bbox 1265 1482 1376 1526; x_wconf 86' lang='lat' dir='ltr'>lana</span> <span class='ocrx_word' id='word_1_203' title='bbox 1416 1482 1615 1539; x_wconf 89' lang='lat' dir='ltr'>cooperi.</span> <span class='ocrx_word' id='word_1_204' title='bbox 1663 1483 1783 1527; x_wconf 90' lang='lat' dir='ltr'>Item</span> <span class='ocrx_word' id='word_1_205' title='bbox 1815 1483 1878 1526; x_wconf 92' lang='lat' dir='ltr'>ad</span> 
     </span>
     <span class='ocr_line' id='line_1_24' title="bbox 187 1539 1876 1599; baseline 0.001 -15"><span class='ocrx_word' id='word_1_206' title='bbox 187 1541 452 1584; x_wconf 89' lang='lat' dir='ltr'>eiciendum</span> <span class='ocrx_word' id='word_1_207' title='bbox 488 1542 678 1597; x_wconf 89' lang='lat' dir='ltr'>partum</span> <span class='ocrx_word' id='word_1_208' title='bbox 717 1539 957 1596; x_wconf 87' lang='lat' dir='ltr'>optimum.</span> <span class='ocrx_word' id='word_1_209' title='bbox 999 1540 1173 1597; x_wconf 89' lang='lat' dir='ltr'>Accipe</span> <span class='ocrx_word' id='word_1_210' title='bbox 1214 1555 1375 1585; x_wconf 90' lang='lat' dir='ltr'>sucum</span> <span class='ocrx_word' id='word_1_211' title='bbox 1416 1541 1543 1598; x_wconf 88' lang='lat' dir='ltr'>porri</span> <span class='ocrx_word' id='word_1_212' title='bbox 1583 1544 1630 1586; x_wconf 91' lang='lat' dir='ltr'>et</span> <span class='ocrx_word' id='word_1_213' title='bbox 1660 1541 1876 1599; x_wconf 84' lang='lat' dir='ltr'>intingue</span> 
     </span>
     <span class='ocr_line' id='line_1_25' title="bbox 185 1600 1878 1657; baseline 0.001 -15"><span class='ocrx_word' id='word_1_214' title='bbox 185 1600 346 1643; x_wconf 91' lang='lat' dir='ltr'>lanam</span> <span class='ocrx_word' id='word_1_215' title='bbox 378 1613 434 1642; x_wconf 87' lang='lat' dir='ltr'>ex</span> <span class='ocrx_word' id='word_1_216' title='bbox 466 1613 533 1643; x_wconf 93' lang='lat' dir='ltr'>eo.</span> <span class='ocrx_word' id='word_1_217' title='bbox 568 1602 616 1643; x_wconf 91' lang='lat' dir='ltr'>et</span> <span class='ocrx_word' id='word_1_218' title='bbox 648 1613 857 1656; x_wconf 88' lang='lat' dir='ltr'>suppone</span> <span class='ocrx_word' id='word_1_219' title='bbox 889 1603 993 1656; x_wconf 78' lang='lat' dir='ltr'>(seq.</span> <span class='ocrx_word' id='word_1_220' title='bbox 1027 1614 1062 1644; x_wconf 94' lang='grc'>0.</span> <span class='ocrx_word' id='word_1_221' title='bbox 1090 1601 1253 1655; x_wconf 85' lang='lat' dir='ltr'>XXI).</span> <span class='ocrx_word' id='word_1_222' title='bbox 1415 1605 1441 1644; x_wconf 89' lang='lat'><strong>3</strong></span> <span class='ocrx_word' id='word_1_223' title='bbox 1473 1600 1605 1657; x_wconf 86' lang='lat' dir='ltr'>potio</span> <span class='ocrx_word' id='word_1_224' title='bbox 1636 1607 1714 1649; x_wconf 78' lang='lat' dir='ltr'>etc.</span> <span class='ocrx_word' id='word_1_225' title='bbox 1749 1603 1795 1646; x_wconf 82' lang='lat' dir='ltr'>b:</span> <span class='ocrx_word' id='word_1_226' title='bbox 1829 1602 1878 1644; x_wconf 92' lang='lat' dir='ltr'>et</span> 
     </span>
     <span class='ocr_line' id='line_1_26' title="bbox 188 1657 1878 1717; baseline 0.002 -16"><span class='ocrx_word' id='word_1_227' title='bbox 188 1673 400 1702; x_wconf 88' lang='lat' dir='ltr'>somnum</span> <span class='ocrx_word' id='word_1_228' title='bbox 431 1659 772 1714; x_wconf 89' lang='lat' dir='ltr'>capescendum</span> <span class='ocrx_word' id='word_1_229' title='bbox 801 1657 933 1714; x_wconf 92' lang='lat' dir='ltr'>potio</span> <span class='ocrx_word' id='word_1_230' title='bbox 966 1674 1008 1702; x_wconf 88' lang='grc' dir='ltr'>α.</span> <span class='ocrx_word' id='word_1_231' title='bbox 1153 1663 1181 1701; x_wconf 89' lang='grc'>4</span> <span class='ocrx_word' id='word_1_232' title='bbox 1208 1673 1295 1715; x_wconf 81' lang='lat' dir='ltr'>pro</span> <span class='ocrx_word' id='word_1_233' title='bbox 1327 1673 1418 1702; x_wconf 92' lang='lat' dir='ltr'>ana</span> <span class='ocrx_word' id='word_1_234' title='bbox 1449 1675 1480 1703; x_wconf 84' lang='lat' dir='ltr'>a</span> <span class='ocrx_word' id='word_1_235' title='bbox 1508 1661 1641 1704; x_wconf 82' lang='lat' dir='ltr'>habet</span> <span class='ocrx_word' id='word_1_236' title='bbox 1669 1661 1878 1717; x_wconf 70' lang='lat' dir='ltr'>sinyulas</span> 
     </span>
     <span class='ocr_line' id='line_1_27' title="bbox 185 1716 1875 1774; baseline 0.001 -13"><span class='ocrx_word' id='word_1_237' title='bbox 185 1719 349 1761; x_wconf 76' lang='lat' dir='ltr'>wncias</span> <span class='ocrx_word' id='word_1_238' title='bbox 380 1719 456 1773; x_wconf 74' lang='lat'>(÷</span> <span class='ocrx_word' id='word_1_239' title='bbox 479 1718 501 1761; x_wconf 89' lang='lat'>1</span> <span class='ocrx_word' id='word_1_240' title='bbox 527 1753 535 1762; x_wconf 92' lang='lat'>.</span> <span class='ocrx_word' id='word_1_241' title='bbox 565 1753 573 1762; x_wconf 91' lang='lat'>.</span> <span class='ocrx_word' id='word_1_242' title='bbox 601 1753 609 1761; x_wconf 97' lang='lat'>.</span> <span class='ocrx_word' id='word_1_243' title='bbox 635 1729 694 1765; x_wconf 76' lang='grc' dir='ltr'>-ζ-</span> <span class='ocrx_word' id='word_1_244' title='bbox 717 1717 768 1774; x_wconf 89' lang='grc'>1).</span> <span class='ocrx_word' id='word_1_245' title='bbox 853 1716 905 1760; x_wconf 88' lang='grc'>111</span> <span class='ocrx_word' id='word_1_246' title='bbox 935 1732 977 1761; x_wconf 90' lang='lat' dir='ltr'>v.</span> <span class='ocrx_word' id='word_1_247' title='bbox 1013 1717 1043 1759; x_wconf 89' lang='lat' dir='ltr'>d</span> <span class='ocrx_word' id='word_1_248' title='bbox 1090 1719 1136 1762; x_wconf 88' lang='lat' dir='ltr'>b:</span> <span class='ocrx_word' id='word_1_249' title='bbox 1170 1732 1277 1761; x_wconf 90' lang='lat' dir='ltr'>cum</span> <span class='ocrx_word' id='word_1_250' title='bbox 1307 1733 1349 1763; x_wconf 85' lang='lat' dir='ltr'>v.</span> <span class='ocrx_word' id='word_1_251' title='bbox 1385 1718 1428 1762; x_wconf 88' lang='lat' dir='ltr'>d.</span> <span class='ocrx_word' id='word_1_252' title='bbox 1461 1717 1512 1762; x_wconf 85' lang='lat' dir='ltr'>in</span> <span class='ocrx_word' id='word_1_253' title='bbox 1543 1731 1645 1763; x_wconf 90' lang='lat' dir='ltr'>sero</span> <span class='ocrx_word' id='word_1_254' title='bbox 1665 1719 1812 1774; x_wconf 82' lang='lat' dir='ltr'>(add.)</span> <span class='ocrx_word' id='word_1_255' title='bbox 1832 1733 1875 1762; x_wconf 86' lang='lat' dir='ltr'>a.</span> 
     </span>
     <span class='ocr_line' id='line_1_28' title="bbox 188 1775 1876 1836; baseline -0.001 -16"><span class='ocrx_word' id='word_1_256' title='bbox 188 1783 213 1820; x_wconf 88' lang='grc'><strong>6</strong></span> <span class='ocrx_word' id='word_1_257' title='bbox 250 1775 361 1832; x_wconf 68' lang='grc'>81010</span> <span class='ocrx_word' id='word_1_258' title='bbox 400 1775 569 1820; x_wconf 89' lang='lat' dir='ltr'>indice.</span> <span class='ocrx_word' id='word_1_259' title='bbox 610 1775 733 1819; x_wconf 84' lang='lat' dir='ltr'>Folii</span> <span class='ocrx_word' id='word_1_260' title='bbox 772 1775 920 1819; x_wconf 92' lang='lat' dir='ltr'>indici</span> <span class='ocrx_word' id='word_1_261' title='bbox 960 1775 1154 1820; x_wconf 79' lang='lat' dir='ltr'>stafinis.</span> <span class='ocrx_word' id='word_1_262' title='bbox 1197 1776 1356 1836; x_wconf 67' lang='lat' dir='ltr'>Cassie</span> <span class='ocrx_word' id='word_1_263' title='bbox 1400 1791 1492 1821; x_wconf 88' lang='lat' dir='ltr'>ana</span> <span class='ocrx_word' id='word_1_264' title='bbox 1515 1788 1573 1825; x_wconf 78' lang='grc' dir='ltr'>-ζ-</span> <span class='ocrx_word' id='word_1_265' title='bbox 1596 1777 1619 1821; x_wconf 92' lang='lat' dir='ltr'>I</span> <span class='ocrx_word' id='word_1_266' title='bbox 1650 1778 1694 1822; x_wconf 84' lang='lat' dir='ltr'>b:</span> <span class='ocrx_word' id='word_1_267' title='bbox 1737 1776 1876 1833; x_wconf 84' lang='lat' dir='ltr'>Spica</span> 
     </span>
     <span class='ocr_line' id='line_1_29' title="bbox 187 1834 1878 1895; baseline 0.002 -18"><span class='ocrx_word' id='word_1_268' title='bbox 187 1834 359 1879; x_wconf 90' lang='lat' dir='ltr'>indica.</span> <span class='ocrx_word' id='word_1_269' title='bbox 394 1834 665 1895; x_wconf 65' lang='lat' dir='ltr'>Stafisagrie</span> <span class='ocrx_word' id='word_1_270' title='bbox 698 1845 758 1882; x_wconf 80' lang='lat'>÷</span> <span class='ocrx_word' id='word_1_271' title='bbox 787 1835 820 1878; x_wconf 89' lang='grc' dir='ltr'>Ι.</span> <span class='ocrx_word' id='word_1_272' title='bbox 856 1834 1014 1879; x_wconf 84' lang='lat' dir='ltr'>Cassie</span> <span class='ocrx_word' id='word_1_273' title='bbox 1039 1845 1095 1882; x_wconf 78' lang='lat'>÷</span> <span class='ocrx_word' id='word_1_274' title='bbox 1120 1835 1141 1878; x_wconf 95' lang='lat' dir='ltr'>I</span> <span class='ocrx_word' id='word_1_275' title='bbox 1172 1851 1214 1880; x_wconf 84' lang='lat' dir='ltr'>a.</span> <span class='ocrx_word' id='word_1_276' title='bbox 1340 1839 1364 1878; x_wconf 79' lang='lat'>7</span> <span class='ocrx_word' id='word_1_277' title='bbox 1390 1835 1510 1880; x_wconf 87' lang='lat' dir='ltr'>costi</span> <span class='ocrx_word' id='word_1_278' title='bbox 1532 1842 1575 1881; x_wconf 78' lang='lat' dir='ltr'>et</span> <span class='ocrx_word' id='word_1_279' title='bbox 1604 1835 1741 1892; x_wconf 90' lang='lat' dir='ltr'>croci,</span> <span class='ocrx_word' id='word_1_280' title='bbox 1773 1837 1878 1881; x_wconf 77' lang='lat' dir='ltr'>item</span> 
     </span>
     <span class='ocr_line' id='line_1_30' title="bbox 187 1892 1756 1951; baseline 0.001 -15"><span class='ocrx_word' id='word_1_281' title='bbox 187 1892 309 1936; x_wconf 87' lang='lat' dir='ltr'>ireos</span> <span class='ocrx_word' id='word_1_282' title='bbox 342 1899 382 1937; x_wconf 80' lang='lat' dir='ltr'>et</span> <span class='ocrx_word' id='word_1_283' title='bbox 412 1892 617 1938; x_wconf 88' lang='lat' dir='ltr'>medulle</span> <span class='ocrx_word' id='word_1_284' title='bbox 649 1904 731 1938; x_wconf 84' lang='lat' dir='ltr'>om.</span> <span class='ocrx_word' id='word_1_285' title='bbox 766 1909 808 1938; x_wconf 85' lang='lat' dir='ltr'>a.</span> <span class='ocrx_word' id='word_1_286' title='bbox 953 1892 1077 1951; x_wconf 68' lang='lat' dir='ltr'>scrip</span> <span class='ocrx_word' id='word_1_287' title='bbox 1108 1895 1154 1939; x_wconf 87' lang='lat' dir='ltr'>b:</span> <span class='ocrx_word' id='word_1_288' title='bbox 1188 1896 1220 1938; x_wconf 78' lang='lat'><strong>3</strong></span> <span class='ocrx_word' id='word_1_289' title='bbox 1253 1910 1295 1939; x_wconf 83' lang='lat' dir='ltr'>a.</span> <span class='ocrx_word' id='word_1_290' title='bbox 1419 1900 1445 1939; x_wconf 92' lang='grc'>8</span> <span class='ocrx_word' id='word_1_291' title='bbox 1475 1894 1645 1951; x_wconf 87' lang='lat' dir='ltr'>punice</span> <span class='ocrx_word' id='word_1_292' title='bbox 1678 1897 1756 1939; x_wconf 84' lang='lat' dir='ltr'>ba.</span> 
     </span>
     <span class='ocr_line' id='line_1_31' title="bbox 190 1951 1878 2010; baseline 0.001 -16"><span class='ocrx_word' id='word_1_293' title='bbox 190 1957 215 1994; x_wconf 88' lang='lat'>9</span> <span class='ocrx_word' id='word_1_294' title='bbox 250 1965 396 2007; x_wconf 87' lang='lat' dir='ltr'>coque</span> <span class='ocrx_word' id='word_1_295' title='bbox 428 1968 470 1997; x_wconf 86' lang='lat' dir='ltr'>a.</span> <span class='ocrx_word' id='word_1_296' title='bbox 626 1957 680 1996; x_wconf 88' lang='grc'>10</span> <span class='ocrx_word' id='word_1_297' title='bbox 713 1951 1016 1996; x_wconf 88' lang='lat' dir='ltr'>commiscens</span> <span class='ocrx_word' id='word_1_298' title='bbox 1049 1955 1096 1997; x_wconf 86' lang='lat' dir='ltr'>b:</span> <span class='ocrx_word' id='word_1_299' title='bbox 1130 1953 1252 1997; x_wconf 86' lang='lat' dir='ltr'>adde</span> <span class='ocrx_word' id='word_1_300' title='bbox 1284 1969 1326 1998; x_wconf 84' lang='lat' dir='ltr'>a.</span> <span class='ocrx_word' id='word_1_301' title='bbox 1449 1955 1498 1997; x_wconf 90' lang='lat' dir='ltr'>et</span> <span class='ocrx_word' id='word_1_302' title='bbox 1527 1953 1578 1997; x_wconf 93' lang='lat' dir='ltr'>in</span> <span class='ocrx_word' id='word_1_303' title='bbox 1610 1967 1657 1997; x_wconf 89' lang='lat' dir='ltr'>se</span> <span class='ocrx_word' id='word_1_304' title='bbox 1688 1966 1878 2010; x_wconf 90' lang='lat' dir='ltr'>pessum</span> 
     </span>
     <span class='ocr_line' id='line_1_32' title="bbox 188 2010 1877 2071; baseline 0.001 -18"><span class='ocrx_word' id='word_1_305' title='bbox 188 2010 276 2054; x_wconf 88' lang='lat' dir='ltr'>fac.</span> <span class='ocrx_word' id='word_1_306' title='bbox 312 2013 359 2054; x_wconf 88' lang='lat' dir='ltr'>et</span> <span class='ocrx_word' id='word_1_307' title='bbox 390 2013 534 2056; x_wconf 88' lang='lat' dir='ltr'>utere.</span> <span class='ocrx_word' id='word_1_308' title='bbox 584 2010 827 2056; x_wconf 81' lang='lat' dir='ltr'>Genetia</span> <span class='ocrx_word' id='word_1_309' title='bbox 859 2011 1104 2067; x_wconf 87' lang='lat' dir='ltr'>explicit</span> <span class='ocrx_word' id='word_1_310' title='bbox 1134 2027 1176 2056; x_wconf 84' lang='lat' dir='ltr'>a.</span> <span class='ocrx_word' id='word_1_311' title='bbox 1316 2016 1368 2055; x_wconf 90' lang='lat'>11</span> <span class='ocrx_word' id='word_1_312' title='bbox 1394 2013 1459 2056; x_wconf 79' lang='lat' dir='ltr'>sic</span> <span class='ocrx_word' id='word_1_313' title='bbox 1490 2014 1515 2056; x_wconf 87' lang='lat' dir='ltr'><strong><em>b</em></strong></span> <span class='ocrx_word' id='word_1_314' title='bbox 1547 2013 1643 2068; x_wconf 76' lang='lat' dir='ltr'>(ubi</span> <span class='ocrx_word' id='word_1_315' title='bbox 1675 2011 1877 2071; x_wconf 67' lang='lat' dir='ltr'>Genecie</span> 
     </span>
     <span class='ocr_line' id='line_1_33' title="bbox 189 2070 1879 2128; baseline 0.002 -16"><span class='ocrx_word' id='word_1_316' title='bbox 189 2070 301 2124; x_wconf 62' lang='lat' dir='ltr'>cod„</span> <span class='ocrx_word' id='word_1_317' title='bbox 332 2071 384 2113; x_wconf 72' lang='lat' dir='ltr'>in</span> <span class='ocrx_word' id='word_1_318' title='bbox 416 2084 502 2126; x_wconf 76' lang='lat' dir='ltr'>quo</span> <span class='ocrx_word' id='word_1_319' title='bbox 534 2072 747 2128; x_wconf 73' lang='lat' dir='ltr'>Zeyuntwr</span> <span class='ocrx_word' id='word_1_320' title='bbox 771 2076 930 2126; x_wconf 79' lang='lat' dir='ltr'>postea</span> <span class='ocrx_word' id='word_1_321' title='bbox 961 2071 1112 2115; x_wconf 70' lang='lat' dir='ltr'>additi</span> <span class='ocrx_word' id='word_1_322' title='bbox 1141 2084 1294 2116; x_wconf 74' lang='lat' dir='ltr'>versus</span> <span class='ocrx_word' id='word_1_323' title='bbox 1325 2076 1540 2128; x_wconf 76' lang='lat' dir='ltr'>quattuor</span> <span class='ocrx_word' id='word_1_324' title='bbox 1563 2072 1705 2127; x_wconf 73' lang='lat' dir='ltr'>plane</span> <span class='ocrx_word' id='word_1_325' title='bbox 1735 2072 1879 2115; x_wconf 73' lang='lat' dir='ltr'>alieni</span> 
     </span>
     <span class='ocr_line' id='line_1_34' title="bbox 188 2127 1878 2187; baseline 0.001 -17"><span class='ocrx_word' id='word_1_326' title='bbox 188 2127 258 2171; x_wconf 91' lang='lat' dir='ltr'>De</span> <span class='ocrx_word' id='word_1_327' title='bbox 290 2127 429 2185; x_wconf 85' lang='lat' dir='ltr'>vino).</span> <span class='ocrx_word' id='word_1_328' title='bbox 461 2130 569 2173; x_wconf 81' lang='lat' dir='ltr'>haec</span> <span class='ocrx_word' id='word_1_329' title='bbox 598 2143 681 2173; x_wconf 87' lang='lat' dir='ltr'>om.</span> <span class='ocrx_word' id='word_1_330' title='bbox 713 2144 742 2187; x_wconf 90' lang='grc'>9</span> <span class='ocrx_word' id='word_1_331' title='bbox 771 2130 853 2173; x_wconf 80' lang='lat' dir='ltr'>ubi</span> <span class='ocrx_word' id='word_1_332' title='bbox 881 2142 1048 2173; x_wconf 74' lang='lat' dir='ltr'>‘novum</span> <span class='ocrx_word' id='word_1_333' title='bbox 1079 2143 1176 2185; x_wconf 86' lang='lat' dir='ltr'>cap.</span> <span class='ocrx_word' id='word_1_334' title='bbox 1208 2131 1411 2187; x_wconf 77' lang='lat' dir='ltr'>sequitwr</span> <span class='ocrx_word' id='word_1_335' title='bbox 1433 2129 1541 2172; x_wconf 89' lang='lat' dir='ltr'>XXI</span> <span class='ocrx_word' id='word_1_336' title='bbox 1570 2128 1639 2173; x_wconf 90' lang='lat' dir='ltr'>De</span> <span class='ocrx_word' id='word_1_337' title='bbox 1671 2128 1878 2173; x_wconf 87' lang='lat' dir='ltr'>mulieri—</span> 
     </span>
     <span class='ocr_line' id='line_1_35' title="bbox 189 2186 1879 2244; baseline 0.002 -15"><span class='ocrx_word' id='word_1_338' title='bbox 189 2186 277 2229; x_wconf 88' lang='lat' dir='ltr'>bus</span> <span class='ocrx_word' id='word_1_339' title='bbox 309 2188 363 2230; x_wconf 90' lang='lat' dir='ltr'>ut</span> <span class='ocrx_word' id='word_1_340' title='bbox 392 2201 487 2230; x_wconf 89' lang='lat' dir='ltr'>non</span> <span class='ocrx_word' id='word_1_341' title='bbox 526 2187 746 2231; x_wconf 89' lang='lat' dir='ltr'>abortent</span> <span class='ocrx_word' id='word_1_342' title='bbox 763 2201 851 2244; x_wconf 80' lang='lat' dir='ltr'>pro</span> <span class='ocrx_word' id='word_1_343' title='bbox 882 2202 917 2232; x_wconf 92' lang='grc'>0.</span> <span class='ocrx_word' id='word_1_344' title='bbox 939 2188 991 2231; x_wconf 90' lang='grc' dir='ltr'>Χ</span> <span class='ocrx_word' id='word_1_345' title='bbox 1009 2202 1153 2244; x_wconf 77' lang='lat' dir='ltr'>supra</span> <span class='ocrx_word' id='word_1_346' title='bbox 1183 2191 1343 2232; x_wconf 82' lang='lat' dir='ltr'>omisso</span> <span class='ocrx_word' id='word_1_347' title='bbox 1374 2189 1596 2243; x_wconf 78' lang='lat' dir='ltr'>additum,</span> <span class='ocrx_word' id='word_1_348' title='bbox 1628 2194 1879 2244; x_wconf 60' lang='lat' dir='ltr'>sequuntur</span> 
     </span>
     <span class='ocr_line' id='line_1_36' title="bbox 191 2245 1875 2303; baseline 0.002 -15"><span class='ocrx_word' id='word_1_349' title='bbox 191 2246 351 2289; x_wconf 71' lang='lat' dir='ltr'>deinde</span> <span class='ocrx_word' id='word_1_350' title='bbox 369 2253 473 2302; x_wconf 79' lang='lat' dir='ltr'>post</span> <span class='ocrx_word' id='word_1_351' title='bbox 502 2247 685 2301; x_wconf 70' lang='lat' dir='ltr'>finitum</span> <span class='ocrx_word' id='word_1_352' title='bbox 709 2248 875 2291; x_wconf 78' lang='lat' dir='ltr'>librum</span> <span class='ocrx_word' id='word_1_353' title='bbox 899 2248 1104 2303; x_wconf 77' lang='lat' dir='ltr'>primum</span> <span class='ocrx_word' id='word_1_354' title='bbox 1133 2246 1446 2303; x_wconf 87' lang='lat' dir='ltr'>geneciorum,</span> <span class='ocrx_word' id='word_1_355' title='bbox 1470 2248 1674 2303; x_wconf 76' lang='lat' dir='ltr'>capitula</span> <span class='ocrx_word' id='word_1_356' title='bbox 1696 2245 1808 2290; x_wconf 88' lang='lat' dir='ltr'>libri</span> <span class='ocrx_word' id='word_1_357' title='bbox 1819 2246 1875 2291; x_wconf 91' lang='grc' dir='ltr'>Π.</span> 
     </span>
     <span class='ocr_line' id='line_1_37' title="bbox 191 2303 1876 2364; baseline 0.002 -18"><span class='ocrx_word' id='word_1_358' title='bbox 191 2303 408 2347; x_wconf 86' lang='lat' dir='ltr'>theodori</span> <span class='ocrx_word' id='word_1_359' title='bbox 447 2304 673 2361; x_wconf 88' lang='lat' dir='ltr'>prisciani</span> <span class='ocrx_word' id='word_1_360' title='bbox 711 2320 813 2350; x_wconf 73' lang='lat' dir='ltr'>cum</span> <span class='ocrx_word' id='word_1_361' title='bbox 845 2306 1034 2363; x_wconf 66' lang='lat' dir='ltr'>prologo</span> <span class='ocrx_word' id='word_1_362' title='bbox 1063 2311 1105 2350; x_wconf 76' lang='lat' dir='ltr'>et</span> <span class='ocrx_word' id='word_1_363' title='bbox 1138 2311 1265 2350; x_wconf 75' lang='lat' dir='ltr'>textu</span> <span class='ocrx_word' id='word_1_364' title='bbox 1295 2320 1426 2364; x_wconf 83' lang='lat' dir='ltr'>capp.</span> <span class='ocrx_word' id='word_1_365' title='bbox 1459 2308 1523 2349; x_wconf 79' lang='lat'>28</span> <span class='ocrx_word' id='word_1_366' title='bbox 1558 2307 1671 2360; x_wconf 73' lang='lat' dir='ltr'>(ind.</span> <span class='ocrx_word' id='word_1_367' title='bbox 1703 2308 1785 2361; x_wconf 77' lang='lat'>26)</span> <span class='ocrx_word' id='word_1_368' title='bbox 1821 2331 1876 2337; x_wconf 93' lang='lat'>—</span> 
     </span>
     <span class='ocr_line' id='line_1_38' title="bbox 188 2364 1879 2421; baseline 0.001 -15"><span class='ocrx_word' id='word_1_369' title='bbox 188 2365 352 2418; x_wconf 75' lang='lat' dir='ltr'>spuria</span> <span class='ocrx_word' id='word_1_370' title='bbox 389 2365 496 2408; x_wconf 82' lang='lat' dir='ltr'>haec</span> <span class='ocrx_word' id='word_1_371' title='bbox 533 2365 689 2409; x_wconf 76' lang='lat' dir='ltr'>omnia</span> <span class='ocrx_word' id='word_1_372' title='bbox 718 2365 789 2408; x_wconf 78' lang='lat' dir='ltr'>vel</span> <span class='ocrx_word' id='word_1_373' title='bbox 821 2365 979 2420; x_wconf 77' lang='lat' dir='ltr'>potius</span> <span class='ocrx_word' id='word_1_374' title='bbox 1025 2365 1267 2421; x_wconf 76' lang='lat' dir='ltr'>dupliciter</span> <span class='ocrx_word' id='word_1_375' title='bbox 1303 2365 1486 2421; x_wconf 79' lang='lat' dir='ltr'>spwria‚</span> <span class='ocrx_word' id='word_1_376' title='bbox 1525 2379 1639 2421; x_wconf 77' lang='lat' dir='ltr'>quae</span> <span class='ocrx_word' id='word_1_377' title='bbox 1677 2365 1779 2408; x_wconf 80' lang='lat' dir='ltr'>licet</span> <span class='ocrx_word' id='word_1_378' title='bbox 1816 2364 1879 2408; x_wconf 81' lang='lat' dir='ltr'>ad</span> 
     </span>
     <span class='ocr_line' id='line_1_39' title="bbox 200 2421 1660 2480; baseline 0.002 -16"><span class='ocrx_word' id='word_1_379' title='bbox 200 2421 356 2476; x_wconf 66' lang='lat' dir='ltr'>Wolfii</span> <span class='ocrx_word' id='word_1_380' title='bbox 386 2436 492 2480; x_wconf 71' lang='lat' dir='ltr'>qyn.</span> <span class='ocrx_word' id='word_1_381' title='bbox 526 2424 766 2467; x_wconf 70' lang='lat' dir='ltr'>editionem</span> <span class='ocrx_word' id='word_1_382' title='bbox 797 2423 1138 2480; x_wconf 72' lang='lat' dir='ltr'>intelliqendam</span> <span class='ocrx_word' id='word_1_383' title='bbox 1167 2424 1361 2478; x_wconf 73' lang='lat' dir='ltr'>faciant,</span> <span class='ocrx_word' id='word_1_384' title='bbox 1393 2424 1465 2467; x_wconf 78' lang='lat' dir='ltr'>hic</span> <span class='ocrx_word' id='word_1_385' title='bbox 1495 2424 1660 2468; x_wconf 73' lang='lat' dir='ltr'>omitto.</span> 
     </span>
    </p>
   </div>
  </div>
 </body>
</html>
