1950 3172
137 151 202 198 VI

283 290 410 339 Sunt
439 294 604 339 autem
627 290 928 354 paucissimi.
961 290 1044 353 qui
1076 295 1192 338 vero
1224 294 1423 353 praeter
1443 287 1822 338 Bruxellensem

135 366 384 429 integrum
431 364 652 412 omnium
698 362 942 412 librorum
995 363 1147 413 trium
1199 367 1392 412 textum
1437 361 1825 428 comprehendat

134 453 266 487 unus
305 443 498 487 tantum
539 442 671 486 extat
709 442 758 485 et
795 438 903 501 ipse
943 438 1193 486 recentior

283 510 707 561 r=Romanus
731 509 1141 559 bibliothecae
1166 506 1823 559 BarberinianaeIX.29

138 580 396 653 (foliorum
421 578 570 651 289),
602 599 748 647 quem
781 599 893 633 cum
925 586 1282 649 excerpsissem
1317 599 1446 633 anno
1475 580 1632 650 1881,
1663 582 1826 632 11161116

137 659 337 708 (1611111111
377 674 415 707 6.
445 653 677 724 1891s92
718 659 901 706 iterum
938 657 1122 707 Romae
1161 659 1365 707 tractavi
1407 663 1610 722 totoque
1651 656 1825 706 collato

135 732 521 797 praeiudicatam
575 730 692 779 olim
755 733 1039 796 opinionem
1101 734 1308 781 correxi.
1381 734 1603 781 continet
1661 737 1826 798 autem

134 806 484 855 bibliothecam
522 820 652 854 unus
693 807 833 870 quasi
883 806 1126 870 quandam
1166 806 1432 872 medicam,
1474 807 1709 871 scriptam
1745 804 1823 854 lit-

137 882 259 929 teris
299 879 443 929 modo
476 879 835 943 langobardicis
869 880 1015 928 modo
1048 882 1100 929 in
1131 882 1238 945 ipsa
1261 880 1431 929 media
1461 882 1638 945 pagina
1670 881 1826 943 scrip-

46 975 47 978 *
135 956 292 1003 iturae
332 969 512 1018 genere
551 958 736 1002 mutato
775 952 1058 1017 vulgaribus
1104 970 1228 1019 quae
1269 960 1385 1003 sunt
1423 953 1606 1003 saeculi
1644 953 1827 1019 xlsxll.

138 1027 190 1076 ln
221 1043 315 1092 qua
347 1027 591 1076 habentur
615 1043 643 1076 a
667 1027 696 1076 f.
720 1025 1017 1078 236—265
1042 1028 1289 1077 Theodori
1319 1028 1562 1077 Prisciani
1594 1027 1827 1077 archiatri

136 1102 266 1166 qibri
303 1107 421 1167 treS,
460 1103 545 1165 qui
582 1107 746 1150 tamen
785 1108 989 1166 propter
1028 1102 1299 1151 secundum
1332 1104 1417 1166 qui
1449 1108 1524 1151 est
1561 1102 1826 1166 bipertitus

131 1181 350 1224 tuattuor
388 1181 723 1224 numerantur.
766 1175 950 1224 desinit
985 1191 1159 1226 manus
1191 1175 1542 1240 langobardica
1573 1181 1686 1241 post
1726 1177 1822 1224 ini-

134 1252 238 1298 111111
283 1249 485 1314 capituli
533 1251 685 1313 primi
736 1249 851 1297 libri
883 1249 948 1298 111
983 1244 1056 1318 (id
1099 1258 1175 1299 est
1206 1250 1269 1316 ΙΙ,
1321 1244 1404 1317 2),
1452 1250 1675 1299 succedit
1720 1249 1823 1298 vul-

135 1325 267 1387 garis
306 1329 361 1372 ut
400 1324 628 1387 antiquae
663 1325 936 1387 scripturae
978 1326 1224 1388 inpatiens
1268 1326 1532 1388 minusque
1564 1326 1723 1389 perita
1757 1325 1825 1372 ita

134 1399 299 1446 minus
340 1403 577 1446 accurata.
617 1403 781 1446 textus
822 1403 985 1446 autem
1024 1398 1074 1446 id
1113 1398 1362 1463 peculiare
1412 1397 1559 1447 habet
1600 1398 1730 1463 quod
1770 1399 1822 1446 in

134 1473 381 1536 principio
422 1471 621 1535 quidem
658 1473 823 1535 operis
857 1472 1123 1520 editionem
1162 1478 1217 1521 ut
1255 1474 1324 1520 ita
1356 1472 1516 1520 dicam
1556 1471 1823 1521 secundam

135 1550 328 1609 repetat
360 1545 545 1593 codicis
576 1544 912 1594 Berolinensis
946 1551 1091 1610 atque
1124 1548 1230 1610 ipsa
1264 1546 1612 1612 additamenta,
1646 1545 1825 1610 quibus

135 1618 402 1667 uberrimis
429 1634 486 1667 ex
513 1618 605 1666 alio
632 1619 842 1682 quodam
871 1626 1070 1668 auctore
1095 1619 1239 1684 paulo
1273 1621 1550 1668 recentiore
1570 1615 1722 1688 (saec.
1740 1614 1824 1687 Vl)

135 1693 217 1741 illa
262 1692 569 1756 interpolata*
602 1699 697 1758 est,
745 1693 922 1742 deinde
971 1709 997 1741 a
1045 1693 1258 1758 capitulo
1306 1693 1366 1741 de
1415 1693 1569 1742 oculis
1617 1692 1824 1745 consilio

135 1772 322 1816 mutato
380 1766 601 1814 codicem
658 1766 867 1816 alterum
920 1767 1104 1816 bonum
1159 1783 1436 1832 purumque
1493 1774 1728 1832 sequatur
1778 1774 1828 1816 et

135 1840 446 1890 Bruxellensi
476 1840 805 1904 Vaticanoque
839 1843 1173 1906 integriorem.
1216 1843 1301 1906 qui
1333 1842 1449 1891 licet
1479 1841 1575 1890 levi
1615 1841 1825 1906 quadam

136 1916 189 1963 in
235 1916 453 1963 minimis
488 1908 644 1981 (velut
682 1914 945 1964 verborum
979 1916 1151 1964 ordine
1183 1922 1369 1965 mutato
1403 1916 1680 1980 additisque
1712 1931 1823 1980 par-

134 1983 325 2055 ticulis)
366 2003 454 2052 pro
489 1988 672 2036 saeculi
703 1990 893 2037 ratione
927 1989 1002 2038 vel
1035 1990 1315 2053 corrigendi
1354 1990 1430 2039 vel
1461 1990 1685 2039 mutandi
1722 1995 1824 2038 stu-

146 2062 225 2110 dio
282 2068 330 2110 et
376 2063 483 2125 ipse
530 2062 731 2110 affectus
780 2065 864 2128 sit7
916 2066 1022 2112 sine
1079 2066 1185 2112 eius
1232 2070 1396 2113 tamen
1437 2079 1527 2128 ope
1576 2064 1826 2128 desperati

135 2137 348 2185 fuissent
387 2135 482 2183 loci
522 2137 606 2199 qui
647 2152 758 2184 cum
799 2139 945 2185 etiam
986 2139 1037 2186 in
1078 2138 1294 2187 editione
1336 2138 1600 2187 Geleniana
1643 2153 1702 2186 ex
1743 2153 1822 2186 co-

136 2210 244 2259 dice
270 2209 441 2258 mutilo
475 2209 600 2257 facta
633 2210 1049 2277 desiderarentur,
1083 2211 1235 2260 solius
1269 2212 1453 2261 codicis
1485 2211 1823 2260 Bruxellensis

135 2283 260 2333 mala
314 2283 409 2331 fide
465 2283 790 2332 traderentur.
847 2285 1037 2334 accedit
1090 2301 1149 2334 ex
1200 2286 1292 2335 hoc
1342 2302 1440 2335 uno
1491 2286 1659 2335 codice
1707 2285 1824 2334 exili

135 2357 377 2406 Prisciani
402 2357 614 2421 capitulo
632 2356 807 2406 XXXII
830 2374 919 2422 pro
947 2359 1285 2423 supplemento
1313 2360 1533 2408 additum
1554 2359 1823 2425 capitulum

137 2432 197 2480 de
246 2431 430 2480 calculo
473 2426 599 2498 (sive
639 2433 804 2495 potius
852 2432 911 2480 de
951 2435 1142 2483 vesicae
1182 2429 1339 2502 vitiis)
1381 2436 1651 2499 integrum,
1692 2433 1822 2497 quod

138 2521 249 2554 cum
289 2507 470 2569 partim
504 2510 636 2553 extet
668 2507 719 2553 in
750 2505 1076 2573 Berolinensi‚
1109 2510 1330 2571 quamvis
1363 2509 1584 2556 diversae
1617 2508 1823 2555 rationis

137 2584 186 2626 et
226 2579 588 2643 disputationi87
629 2579 833 2628 editioni
866 2581 1108 2630 secundae
1140 2583 1397 2646 proprium
1436 2583 1596 2645 primo
1637 2581 1820 2628 intuitu

136 2651 402 2716 videretur,
441 2654 539 2699 nisi
578 2652 751 2701 eodem
789 2654 933 2702 modo
975 2670 1070 2718 quo
1110 2655 1300 2719 reliqua
1330 2656 1511 2720 partim
1540 2658 1820 2702 truncatum

137 2725 259 2774 illud
305 2726 483 2788 partim
527 2731 724 2774 auctum
774 2734 918 2792 atque
959 2730 1026 2777 ita
1064 2728 1540 2778 Pseudo-Theodoro
1579 2728 1820 2775 vetustius

134 2799 335 2848 doceret
380 2797 774 2848 BarberinianuS.
822 2803 1049 2850 cautione
1095 2808 1275 2851 tamen
1306 2803 1454 2850 etiam
1493 2801 1546 2847 in
1603 2800 1697 2848 hoc
1737 2815 1817 2849 co-

138 2872 246 2921 dice
294 2870 567 2920 adhibendo
624 2886 746 2934 opus
794 2888 902 2922 esse
950 2890 1154 2924 moneor
1193 2890 1251 2924 eo
1296 2873 1428 2938 quod
1478 2874 1563 2936 qui
1601 2873 1821 2922 diversas

131 2945 456 3011 duplicesque
497 2943 731 2992 lectiones
771 2945 850 2994 hic
883 2946 983 2996 illic
1021 2948 1259 3012 praebere
1299 2951 1546 3012 arguatur,
1584 2947 1694 2995 fieri
1730 2963 1818 3012 po-
