1950 3172
0 0 113 194 Γ
795 104 1106 150 ormnem.
1463 87 1468 92 ’
1689 103 1803 160 225

112 249 222 293 tum
268 258 296 291 a
340 240 538 307 publico
594 240 887 306 spectaculo.
979 247 1029 291 et
1083 257 1172 306 ego
1235 242 1434 307 quidem
1486 247 1535 291 te
1590 243 1797 291 scientia

116 316 315 382 iuvabo,
359 321 416 365 tu
451 330 568 364 vero
608 316 690 365 cui
728 317 1003 364 communis
1049 315 1234 365 arridet
1273 330 1419 365 sexus
1460 321 1510 364 et
1548 321 1796 365 secretum

113 389 259 439 facile
298 389 485 438 invenit
531 390 854 455 conscientia,
901 404 1014 438 cum
1059 389 1238 438 fiducia
1285 404 1460 438 exerce
1501 388 1671 439 sedulo
1711 404 1795 454 gy-

116 464 287 512 naecia
324 464 575 527 proposita
612 477 723 512 meo
760 467 972 512 tractatu
1010 468 1094 511 tua
1133 461 1399 527 diligentia.

222 640 224 642 ·
302 623 336 672 I.
372 622 453 672 >De
490 623 769 672 mamillis
807 628 941 688 post
977 630 1210 688 partum
1249 623 1608 673 dolentibus.
1840 636 1863 670 5

125 790 127 793 y
266 724 502 774 Mamillas
543 740 655 774 cum
692 727 917 775 tensione
956 731 1203 775 tumentes
1248 726 1325 775 vel
1371 726 1617 792 dolenteS,
1664 727 1794 791 quod
1834 727 1868 778 2

114 804 230 864 post
266 803 463 863 partum
508 814 655 862 quam
692 800 904 866 maxime
949 798 1242 848 mulieribus
1290 802 1485 849 evenire
1526 802 1794 867 consuevit,

116 887 240 936 quas
272 886 332 920 ex
363 886 422 920 eo
454 873 602 920 etiam
633 873 793 936 gravis
830 871 969 921 dolor
999 873 1254 939 inquietat,
1291 873 1385 922 hoc
1418 873 1589 923 ordine
1622 889 1796 923 curare

109 943 368 993 debemus,

264 1033 355 1083 per
393 1019 535 1067 initia
572 1018 888 1067 mediocriter
923 1019 1374 1083 constringentibus
1413 1021 1487 1069 uti
1525 1022 1796 1086 conveniet,
1821 1035 1864 1067 ιο
1920 1022 1922 1024 ’

116 1097 173 1141 ut
210 1098 287 1140 est
326 1093 528 1156 spongia
566 1091 729 1140 mollis
768 1092 930 1141 infusa
961 1094 1013 1140 in
1044 1108 1210 1158 pusca,
1250 1109 1373 1157 quae
1406 1093 1502 1142 levi
1532 1093 1795 1142 anadesmo

112 1164 415 1214 continenda
454 1167 562 1214 erit.
633 1167 706 1214 sic
737 1167 886 1214 etiam
925 1165 1102 1230 dactyli
1141 1181 1253 1215 cum
1290 1182 1416 1231 pane
1455 1168 1508 1215 in
1537 1182 1691 1231 pusca
1722 1169 1796 1216 in-

116 1238 218 1287 fusi
250 1244 299 1287 et
331 1239 530 1287 contriti
562 1253 707 1303 saepe
738 1254 827 1303 par
857 1238 1153 1288 beneficium
1183 1242 1550 1304 praestiterunt.
1606 1242 1649 1289 si
1681 1256 1795 1289 vero

115 1318 253 1360 certa
292 1313 481 1360 ratione
520 1311 594 1360 lac
631 1311 995 1376 prohibendum
1028 1315 1136 1378 erit,
1176 1313 1511 1378 cataplasmati
1550 1316 1797 1378 superiori

114 1384 489 1434 admiscendum
528 1390 603 1434 est
634 1392 717 1434 aut
748 1385 943 1434 alumen
984 1387 1192 1435 scissum
1225 1393 1306 1436 aut
1341 1386 1523 1436 herbae
1562 1387 1795 1451 pulicaris
1820 1401 1864 1434 15

116 1459 290 1511 semen
336 1464 418 1507 aut
464 1458 776 1507 coriandrum
824 1465 906 1507 aut
950 1459 1213 1523 portulaca.
1291 1476 1404 1508 nam
1454 1466 1502 1508 et
1546 1467 1798 1524 unguenta

118 1547 180 1580 ex
214 1531 330 1580 solis
364 1547 534 1580 earum
565 1533 698 1580 sucis
731 1532 1018 1596 frequenter
1049 1532 1359 1582 adhibuimus
1390 1536 1540 1597 pinna
1571 1534 1794 1583 molliore

119 1604 226 1654 loca
265 1599 538 1669 tangentes.

116 1777 264 1819 metre
307 1776 467 1819 motua
512 1775 698 1832 publico
747 1789 812 1832 sp.
850 1776 1066 1832 elongavi
1096 1791 1122 1821 v
1161 1776 1439 1833 (solitarium
1484 1777 1637 1834 inquit
1680 1781 1726 1822 et
1766 1793 1795 1822 a

114 1834 305 1892 puplico
339 1848 405 1891 sp.
437 1836 665 1878 remotum
696 1835 753 1890 b).
1834 1838 1836 1840 ’

242 1901 262 1937 1
295 1894 343 1936 te
375 1907 456 1937 om.
489 1908 562 1951 ry.
743 1897 768 1936 2
802 1892 976 1936 arridet
1006 1893 1174 1951 Bryb:
1209 1894 1417 1950 conpetit
1446 1896 1514 1949 fv.
1666 1900 1692 1938 3
1724 1895 1793 1939 in-

116 1951 267 1997 venit:
302 1952 508 1995 invenies
542 1954 581 1996 b.
791 1951 1076 1995 conscientia
1105 1954 1221 2010 ryb:
1253 1954 1336 1996 tua
1366 1953 1591 1997 &scientia
1621 1955 1680 2010 B,
1712 1956 1796 1998 tua

114 2011 318 2055 scientia
348 2012 415 2066 fv.
538 2024 643 2054 cum
672 2009 845 2053 fiducia
875 2011 1004 2065 va:
1038 2011 1318 2055 confidentia
1345 2027 1369 2056 r
1376 2028 1406 2069 9
1429 2013 1709 2069 (confidendi
1735 2015 1794 2071 b).

116 2070 282 2114 sedulo
326 2068 554 2126 ginetiam
584 2069 651 2125 B,
696 2067 857 2112 sedulo
890 2071 989 2124 (om.
1022 2070 1138 2127 gin.)
1175 2071 1251 2126 fv,
1298 2070 1459 2115 sedulo
1506 2072 1725 2129 egynetia
1755 2087 1794 2127 r,

114 2128 286 2172 >sedula
316 2141 528 2184 ageneua
556 2143 599 2185 9,
632 2127 792 2171 sedulo
825 2127 976 2172 officio
1002 2129 1074 2184 (cf.
1101 2131 1175 2186 13)
1201 2129 1262 2173 ad
1291 2130 1485 2186 genecia
1509 2132 1546 2175 b.
1639 2135 1667 2173 4
1690 2144 1794 2187 pro-

118 2184 324 2244 'positam
354 2188 419 2231 B:
451 2186 752 2287 pregfmosita
781 2187 905 2244 fvry
931 2186 1134 2242 (pposita
1166 2189 1221 2244 b).
1429 2190 1533 2232 tua:
1567 2189 1604 2232 ἃ
1634 2191 1718 2232 tua
1748 2191 1795 2234 B

113 2247 289 2302 (solus).
374 2251 481 2302 post
503 2245 548 2288 d·
573 2244 634 2301 ig.
661 2246 840 2290 addunt
867 2244 1060 2290 adhibet
1081 2245 1313 2290 medicina
1335 2248 1369 2303 f,
1403 2246 1624 2291 adhibeto
1649 2247 1795 2292 medi-

119 2304 228 2348 cina
253 2306 437 2361 (-nam
468 2305 529 2360 B)
559 2304 633 2349 vB
665 2302 865 2360 (imitare
897 2305 939 2360 b)
963 2306 1061 2360 (om.
1092 2304 1257 2360 rGel.).
1420 2310 1445 2348 6
1477 2305 1553 2350 vel
1585 2305 1796 2350 dolentes

113 2377 203 2408 om.
237 2378 278 2421 9.
402 2367 454 2405 11
487 2364 541 2406 ut
572 2364 662 2406 est:
695 2362 745 2405 id
777 2364 847 2406 est
878 2363 1093 2419 (spungia
1123 2362 1255 2406 molli
1284 2364 1319 2419 f,
1352 2363 1450 2407 —is
1481 2365 1525 2420 v)
1555 2366 1610 2418 fv
1630 2365 1726 2410 Gel.

115 2421 170 2465 in
199 2420 394 2478 poscula
423 2437 462 2466 r.
671 2420 955 2476 quae—erit
985 2422 1031 2464 B
1052 2422 1168 2467 Gel.:
1209 2424 1257 2466 et
1295 2421 1501 2479 inposita
1540 2422 1688 2479 ligato
1720 2423 1794 2479 fv,

122 2482 169 2524 et
199 2479 405 2537 inposita
434 2479 611 2536 ligatur
639 2494 700 2537 ry
724 2481 791 2534 (et
819 2479 914 2536 inp.
945 2479 1125 2537 legetur
1156 2482 1211 2536 b).
1313 2486 1366 2524 13
1399 2481 1795 2538 saepe—praesti-

113 2540 278 2583 terunt
309 2541 431 2594 (—re
451 2539 565 2594 ὅτ’-εἶ.)
588 2539 697 2596 qu
716 2537 831 2583 Get:
865 2551 973 2595 sepe
1002 2538 1215 2595 partibus
1247 2539 1589 2596 (separantibus
1613 2542 1656 2597 v)
1680 2539 1794 2597 ipsis

120 2597 350 2641 beneflcifi
372 2598 554 2656 prestat
582 2598 637 2652 fv
662 2599 761 2652 (om.
780 2598 835 2653 b).
921 2600 977 2640 14
993 2597 1082 2641 erit
1096 2599 1142 2641 B
1152 2599 1176 2642 b
1191 2598 1309 2643 Gel.:
1341 2598 1481 2642 fuerit
1510 2600 1586 2655 fv,
1619 2599 1690 2642 est
1719 2614 1794 2657 ry.

109 2662 223 2712 post
260 2656 350 2699 erit
385 2658 493 2701 haec
522 2658 701 2700 inserta
729 2656 860 2701 habet
890 2656 935 2700 b:
974 2656 1259 2700 marrubium
1298 2658 1542 2701 contusum
1580 2659 1627 2701 et
1663 2657 1795 2714 inpo-

100 2714 268 2757 ·.situm
295 2713 509 2758 mammis
534 2713 741 2758 dolorem
764 2715 812 2758 et
833 2715 1062 2758 tumorem
1086 2716 1235 2759 sanat.
1324 2720 1377 2759 16
1403 2718 1485 2759 aut
1514 2717 1665 2774 Bysp)
1676 2717 1795 2763 Get:

117 2772 175 2815 ‚id
205 2775 278 2817 est
305 2774 373 2828 fv.
464 2771 755 2817 coliandrum
784 2774 892 2828 va
917 2773 1230 2829 (coriandrum
1258 2775 1384 2832 γρῦ).
1481 2775 1697 2832 porcacla
1719 2790 1797 2834 ry.

128 2834 181 2874 17
214 2830 510 2876 adhibuimus
542 2831 655 2889 Bry
675 2831 793 2877 Get:
825 2830 1044 2876 —bemus
1075 2834 1130 2887 fv
1148 2834 1221 2890 (b).
1413 2847 1517 2878 cum
1547 2835 1677 2890 va:
1709 2834 1797 2882 om.

116 2891 219 2948 πρὸ
241 2892 335 2936 Gel.
456 2889 666 2934 molliore
686 2886 765 2938 'Bz
795 2889 896 2933 -ri
925 2906 986 2949 ry
999 2892 1119 2949 Get,
1152 2906 1269 2956 -rat
1291 2893 1401 2950 f(b)‚
1434 2907 1546 2936 —sa
1576 2908 1615 2939 v.

213 2973 431 3006 Theodorus
453 2972 685 3013 Priscianus,
710 2972 768 3006 ed.
784 2973 818 3005 R
826 2982 848 3006 0
858 2981 876 3006 s
884 2981 914 3006 ο.
1477 2972 1497 3009 1
1505 2967 1530 3010 ὅ
