1988 3184
229 123 338 177 298
782 118 1356 164 Psntmo-'rmzonom

229 256 349 312 lida,
391 255 658 311 frequenter
688 251 856 296 exinde
888 263 1079 307 corpore
1109 249 1230 306 loto,
1269 248 1502 306 pruritum
1540 251 1589 294 et
1627 249 1835 295 scabiem
1864 253 1914 296 et

229 323 426 368 livorem
447 319 589 365 tollit.
623 316 916 375 stafisagriae
939 315 1081 361 uncia
1099 316 1134 372 I,
1157 315 1273 360 nitri
1295 315 1436 360 uncia
1451 316 1473 359 I
1497 315 1636 360 simul
1661 315 1915 375 diligenter
1965 359 1970 363 .

231 387 445 434 contritis
491 386 542 430 in
578 384 750 429 balneo
796 383 956 429 uteris.
1013 381 1202 427 alumen
1240 382 1436 426 scissum
1482 396 1539 426 ex
1585 397 1709 439 aqua
1755 383 1914 429 calida
1969 386 1972 391 '

229 458 352 500 teres
382 453 453 498 ita
483 454 537 496 ut
568 450 630 495 sit
660 453 904 506 tamquam
935 448 1115 506 gluten,
1148 450 1197 492 et
1219 447 1270 491 in
1292 447 1463 492 balneo
1488 462 1594 492 cum
1617 449 1786 494 sudare
1809 463 1913 495 coe·

186 531 206 563 5
231 519 354 577 perit
386 531 551 575 corpus
586 515 768 561 fricato.
819 515 974 560 oleum
1003 514 1054 559 in
1092 529 1184 571 quo
1222 514 1497 571 pastinacae
1535 515 1746 561 marinae
1784 515 1915 562 iecur

229 583 481 639 decoxeris,
507 582 546 626 si
569 581 679 626 inde
705 595 871 639 corpus
895 595 1176 639 perunguas,
1203 581 1437 638 pruritum
1460 584 1508 626 et
1532 582 1739 627 scabiem
1763 583 1912 628 sedat.
1978 597 1988 640 ς-

225 648 527 707 plantaginis
563 661 672 692 suco
718 646 1008 705 pruriginem
1051 661 1136 705 per
1179 647 1390 692 triduum
1426 647 1690 706 inunguito.
1737 652 1914 694 terram
1970 646 1988 682 'f

228 730 369 772 quam
400 714 624 760 formicae
666 713 896 759 effodiunt
928 729 1033 758 cum
1072 716 1206 759 aceto
1238 717 1286 759 et
1326 715 1428 759 oleo
1468 716 1663 760 terendo
1697 715 1911 761 commis-
1983 712 1988 750 ἓ

226 782 352 827 cebis
385 783 434 826 et
463 795 657 838 ungues,
691 781 855 825 statim
879 783 1084 826 sanatur.
1134 780 1329 825 caninus
1355 781 1546 838 sanguis
1570 781 1772 827 illinitus
1803 797 1911 839 pru·
1985 792 1988 804 ²

160 861 203 892 1ο
227 848 370 892 ritum
409 850 456 891 et
496 847 703 892 scabiem
741 848 889 892 sedat.
939 847 1175 892 asininum
1205 847 1375 892 lotium
1413 862 1519 892 cum
1555 848 1657 893 luto
1702 862 1785 893 suo
1816 848 1911 892 illi·
1986 899 1988 901 ¹

223 914 376 958 nitum
399 914 526 958 idem
549 914 677 959 facit.
702 914 934 958 bubulum
955 914 1116 958 fimum
1139 928 1245 958 cum
1269 915 1403 958 aceto
1427 914 1655 959 illinitum
1677 914 1911 971 pruritum

225 983 271 1025 et
304 980 510 1025 scabiem
541 983 588 1024 et
619 980 778 1038 ignem
810 995 995 1025 sacrum
1024 980 1166 1026 tollit.

652 1069 734 1112 Ad
765 1069 994 1114 scabias
1025 1069 1084 1112 id
1115 1071 1200 1114 est
1229 1069 1484 1126 papulas.

340 1135 627 1192 Lupinorum
658 1135 812 1179 farina
843 1138 976 1180 aceto
1021 1136 1218 1180 subacta
1248 1135 1299 1179 in
1337 1135 1509 1180 balneo
1545 1134 1671 1179 illita
1708 1136 1908 1193 papulas

157 1213 200 1245 15
225 1205 271 1246 et
301 1201 533 1258 pruritum
565 1203 715 1246 sanat.
766 1201 932 1246 bulbos
970 1201 1110 1246 tritos
1150 1216 1255 1246 cum
1293 1201 1403 1246 vino
1442 1201 1592 1246 veteri
1633 1201 1831 1259 illinjto,
1864 1204 1913 1247 et

224 1270 335 1312 dum
365 1268 537 1312 laveris
569 1268 685 1313 item
717 1269 774 1312 de
807 1268 972 1312 eodem
1006 1268 1316 1312 medicamine
1347 1268 1510 1313 taliter
1539 1268 1806 1325 perfricato,
1838 1268 1908 1313 ita

220 1349 279 1379 116
311 1335 466 1379 01611111
495 1337 680 1392 tangas,
711 1335 911 1393 papulas
944 1338 992 1379 et
1014 1335 1247 1392 pruritum
1272 1337 1421 1380 sanat.
1472 1335 1719 1379 scrofinum
1749 1334 1910 1380 fimum

222 1402 487 1458 combures,
521 1401 675 1446 cinere
707 1402 806 1447 eius
840 1416 946 1445 cum
976 1404 1109 1446 aceto
1149 1401 1200 1445 in
1230 1402 1401 1446 balneo
1434 1416 1600 1459 corpus
1633 1403 1680 1446 et
1709 1401 1909 1458 papulas

219 1468 485 1525 perfricato.
534 1468 723 1513 cimolia
753 1471 862 1525 post
892 1469 1116 1513 balneum
1145 1468 1335 1526 illinito,
1366 1468 1566 1525 papulas
1601 1470 1751 1513 sanat.

156 1567 198 1597 20
340 1557 489 1614 <Ad>
520 1556 787 1613 pustulas
819 1571 1024 1614 graves
1057 1560 1113 1602 et
1146 1571 1209 1601 ea
1240 1571 1382 1613 quae
1416 1558 1731 1614 suppurata
1763 1558 1908 1602 sunt.

220 1622 358 1667 ibisci
389 1623 598 1667 radicem
629 1637 735 1667 cum
765 1623 1029 1679 hydromeli
1069 1638 1239 1680 coques
1279 1624 1445 1668 addita
1476 1623 1631 1668 farina
1661 1622 1827 1667 hordei
1859 1625 1908 1667 et

222 1689 332 1745 sale,
365 1689 572 1733 calidum
595 1689 795 1746 impone.
843 1704 954 1734 nam
978 1693 1025 1735 et
1048 1690 1281 1735 foenicine
1304 1690 1699 1734 medicamentum
1723 1703 1908 1734 omnem

219 1756 515 1812 pustularum
546 1756 814 1800 acredinem
845 1760 990 1802 curat.

340 1822 395 1866 Si
441 1822 814 1880 impetigines
861 1822 1098 1868 innatae
1153 1823 1390 1880 fuerint,
1447 1823 1741 1868 chelidoniae
1797 1836 1907 1867 suco

156 1898 198 1930 25
223 1888 408 1932 assidue
440 1888 544 1932 loca
575 1888 782 1934 fricabis.
828 1890 1071 1934 scarabaei
1102 1890 1330 1934 intestina
1362 1890 1464 1934 loco
1508 1889 1749 1946 infricato,
1789 1888 1906 1933 mire

223 1956 370 1997 sanat.
419 1968 626 1998 racemos
668 1955 725 1999 de
764 1970 857 2000 uva
895 1956 1034 2000 tolles
1074 1956 1184 2001 viva
1217 1958 1264 2001 et
1304 1956 1581 2014 sanguinem
1620 1969 1780 2000 eorum
1804 1969 1910 1999 cum

221 2018 373 2063 lasare
405 2019 512 2064 vivo
544 2020 786 2078 miscebis,
827 2025 874 2066 et
913 2022 1111 2079 illinies,
1152 2022 1353 2080 amplius
1391 2037 1486 2067 non
1523 2024 1787 2067 nascentur.
1841 2022 1910 2066 la-

221 2085 357 2140 pathi
387 2086 594 2130 radicem
625 2090 871 2132 contusam
902 2103 1007 2132 cum
1038 2088 1222 2132 modico
1248 2088 1372 2133 aceti
1402 2088 1479 2133 vel
1511 2088 1660 2132 solam
1691 2087 1833 2131 induc
1857 2087 1908 2131 in

223 2150 311 2207 die,
344 2165 449 2194 cum
478 2152 692 2209 tetigeris
725 2153 1026 2212 impetigines
1059 2158 1205 2200 curat.

340 2317 362 2355 1
398 2313 505 2357 exiii
538 2317 670 2372 corp9
710 2316 811 2360 lotfi
844 2318 882 2361 b.
916 2318 973 2372 cf.
1005 2286 1045 2361 v.
1073 2322 1114 2362 6.
1237 2322 1263 2360 2
1295 2314 1393 2361 toll'
1430 2319 1468 2362 b.
1622 2322 1648 2360 3
1674 2315 1833 2370 9triti‘1
1867 2316 1908 2360 b.

221 2391 250 2429 4
284 2374 402 2452 baffi
433 2389 469 2431 b.
623 2392 648 2431 5
681 2389 737 2443 cf.
772 2390 846 2434 Ps.
881 2390 1290 2447 Plin.p.100,13
1325 2390 1509 2446 (Lips).
1663 2393 1687 2432 7
1721 2393 1834 2433 sucu
1867 2389 1906 2433 b.

221 2448 247 2486 8
281 2457 476 2497 9111118668
510 2448 547 2490 b.
629 2452 682 2490 12
709 2461 869 2492 acrum
892 2451 930 2494 b.
1025 2454 1080 2493 13
1105 2451 1174 2494 tit.
1200 2449 1275 2492 Ad
1306 2462 1389 2493 om.
1417 2450 1455 2493 b.
1547 2447 1748 2505 pupulas
1771 2449 1845 2494 hic
1868 2448 1906 2492 b.

221 2507 277 2545 14
308 2504 365 2557 cf.
400 2504 475 2548 Ps.
509 2505 634 2550 Ptin.
670 2510 711 2560 3,
734 2510 797 2551 27
822 2522 870 2564 p.
897 2512 1003 2563 100,
1026 2512 1070 2552 8.
1162 2507 1291 2552 illiti-1
1323 2509 1362 2552 b.
1463 2512 1517 2551 18
1550 2507 1699 2560 9b9tfi.
1731 2507 1804 2551 nis
1837 2506 1906 2551 e19

224 2562 325 2615 (sic)
354 2563 391 2606 b.
479 2568 532 2606 19
558 2564 760 2620 cymolia
794 2567 832 2610 b.
926 2571 982 2610 20
1007 2568 1173 2612 addidi
1195 2566 1283 2611 Ad.
1388 2570 1442 2609 21
1477 2565 1622 2610 evisci
1646 2567 1684 2611 b.
1769 2566 1907 2622 ydro-

221 2619 359 2663 melle
386 2622 423 2665 b.
510 2622 640 2666 ordei
664 2625 703 2668 b.
796 2629 851 2667 22
878 2625 949 2668 sal
980 2625 1118 2669 calid’
1147 2627 1185 2670 b.
1277 2624 1490 2669 fenicene
1521 2624 1753 2669 medicaffi
1776 2627 1813 2669 b.
1847 2627 1905 2681 cf.

225 2676 345 2722 Casa
372 2693 420 2733 p.
447 2683 550 2734 119,
576 2684 607 2724 8
638 2687 715 2727 etc.
839 2688 894 2726 23
925 2684 1171 2740 postularfi
1204 2686 1243 2729 b.
1366 2688 1424 2727 24
1454 2683 1587 2728 celid’
1624 2685 1661 2729 b.
1766 2687 1822 2727 25
1857 2683 1906 2728 Si

224 2750 488 2807 scarabagii
520 2754 545 2796 b
579 2755 677 2809 (ubi
707 2756 788 2799 del.
823 2755 903 2812 Si).
1015 2748 1288 2817 ifricatfissss.
1320 2757 1437 2802 mire
1469 2772 1502 2802 s.
1537 2759 1574 2802 b.
1735 2761 1791 2801 26
1814 2757 1906 2802 Ra-

223 2834 350 2878 cinos
384 2835 424 2879 d'
459 2821 553 2882 bosi
581 2843 586 2896 Ι
617 2844 769 2899 (2264)
788 2842 903 2887 toll'.
930 2859 1031 2887 vmi
1048 2847 1087 2890 b.
1164 2851 1221 2889 27
1245 2845 1396 2890 lasere
1412 2845 1524 2890 uino
1542 2846 1581 2891 b.
1672 2844 1848 2903 lapacii
1866 2847 1904 2891 b.

224 2911 279 2950 28
311 2907 593 2972 111οᾶ’.116610
627 2915 664 2958 b.
782 2906 914 2960 solat
929 2918 974 2973 (a
999 2931 1055 2962 ex
1087 2932 1116 2961 u
1148 2931 1260 2964 corr.
1293 2925 1347 2964 ut
1375 2920 1436 2965 sit
1466 2918 1567 2964 sola
1583 2933 1673 2976 pro
1698 2908 1838 2977 solut‘)
1863 2920 1903 2964 b.
