1988 3184
191 123 302 178 482
859 117 1210 163 vmmoum

138 245 142 251 ’
191 270 303 302 vero
327 255 440 300 LVI.
474 253 599 298 latus
626 265 732 296 ossa
757 250 848 294 duo
879 249 965 294 sub
992 262 1054 307 se,
1086 262 1178 305 que
1201 249 1431 293 vocantur
1453 250 1584 294 nota.
1615 248 1806 306 pleuras
1826 249 1888 307 V,-
1964 222 1986 309 ,7

193 322 431 378 aliquibus
461 320 561 364 VH.
603 318 684 374 qui
715 317 766 361 in
795 315 1000 374 pectoris
1033 329 1190 360 ossum
1221 314 1570 371 coniunguntur
1600 314 1725 360 circa
1755 317 1886 373 quod

193 388 321 445 greci
351 385 567 445 perigion
595 386 782 441 vocant,
813 383 903 427 hoc
936 384 1009 426 est
1038 381 1190 439 ligula
1214 379 1446 425 stomachi
1468 382 1683 426 tenerum
1713 382 1884 429 desuso
1948 392 1985 438 {2

193 455 263 500 ibi
300 454 538 512 ponuntur
576 453 731 496 costas
772 448 1034 506 aliquibus,
1075 449 1124 492 et
1159 447 1318 504 plures
1360 446 1694 506 [inveniuntur.
1743 463 1886 494 coxas

147 536 169 569 5
195 534 300 566 ossa
329 520 387 576 II,
420 531 561 562 aneas
594 530 700 561 ossa
730 515 786 561 II.
820 515 926 560 iran
957 529 1114 559 ossum
1154 514 1282 570 quod
1313 512 1465 558 selida
1504 517 1753 573 vocantur,
1793 516 1883 561 hoc

194 589 266 632 est
297 599 564 640 concavum,
596 582 681 627 ubi
710 582 862 627 femus
894 580 1090 638 incadit,
1124 594 1231 625 ossa
1253 580 1309 625 II.
1342 581 1518 637 pedum
1549 594 1655 626 ossa
1678 582 1881 640 XLVIH,
1964 574 1988 620 ἰ

194 652 430 709 aliquibus
461 650 576 707 LVI,
610 649 732 694 sicut
764 649 821 693 de
853 662 1020 693 manus
1052 647 1180 703 quod
1211 647 1423 704 superius
1457 647 1672 693 diximus.

723 737 906 782 XXXV.
941 737 1017 780 De
1051 735 1349 793 sanguine.

313 804 512 862 Sanguis
538 806 697 848 autem
718 805 1056 861 pregeneratur
1080 802 1235 862 31111113
1251 802 1439 862 proprie
1463 802 1637 847 virium
1657 804 1884 865 humane-

127 883 171 914 10
195 885 284 928 que
315 871 413 931 vite
439 870 752 915 certissimum
783 869 1073 927 alimentum,
1107 883 1247 925 quem
1268 883 1525 925 numquam
1556 869 1759 914 otiosum
1782 885 1884 917 3333

196 938 412 995 spiritum
449 938 642 995 patitur.
687 951 868 994 semper
907 936 1032 981 enim
1064 951 1169 980 cum
1209 935 1496 980 discursibus
1537 936 1632 980 suis
1671 951 1755 994 per
1787 952 1883 983 om-

193 1019 301 1050 nem
333 1019 531 1061 cursum,
570 1003 819 1061 fatigatius
863 1005 1024 1048 autem
1054 1017 1160 1047 cum
1197 1002 1425 1048 maiorem
1461 1004 1653 1047 modum
1691 1005 1885 1050 cesserit

196 1071 522 1128 copiosiusque
554 1071 707 1115 factus
740 1085 882 1127 quam
912 1072 966 1114 ut
996 1069 1143 1127 recipi
1175 1069 1330 1126 capite
1361 1084 1587 1115 venarum
1615 1071 1779 1128 possit.
1813 1071 1884 1116 in-

197 1138 314 1195 cipit
344 1140 456 1182 1511110
490 1152 574 1182 3113
605 1137 655 1181 111
694 1151 741 1181 33
774 1137 1038 1181 redundare
1068 1135 1289 1193 materia,
1330 1138 1384 1180 ut
1421 1136 1729 1193 preobd'urati
1760 1137 1884 1182 fora-

127 1215 171 1247 15
195 1204 399 1248 minibus
433 1204 591 1248 aditus
625 1203 812 1261 spiritui
842 1217 938 1247 non
970 1204 1081 1247 dare
1122 1205 1204 1247 31115
1236 1216 1292 1246 ex
1322 1202 1627 1247 multitudine
1660 1218 1744 1248 sua
1777 1218 1883 1248 con-

192 1285 403 1328 pressum
425 1271 756 1329 profugantem
780 1285 977 1317 cursum.
1004 1284 1110 1314 cum
1131 1271 1293 1314 tamen
1317 1269 1512 1327 exiguus
1537 1284 1638 1315 esse
1663 1271 1883 1328 coeperit,

194 1352 305 1381 usus
336 1337 490 1382 facere
520 1337 714 1394 paribus
757 1337 851 1381 suis
892 1351 987 1381 non
1023 1336 1195 1394 possit,
1235 1338 1349 1380 tunc
1388 1339 1639 1393 gravatum
1677 1338 1885 1395 corporis

195 1403 348 1448 calore
382 1403 538 1448 subito
573 1403 786 1459 destruit,
821 1406 868 1448 et
900 1405 1027 1459 quod
1067 1402 1278 1447 sufficere
1318 1402 1514 1460 exiguus
1554 1404 1776 1448 adversus
1808 1419 1884 1449 co-

192 1470 479 1527 pio(sio)rem
511 1470 703 1527 spiritus
735 1484 830 1514 non
860 1469 1003 1527 valet,
1035 1469 1191 1514 hictus
1215 1470 1442 1515 maiorem
1466 1471 1814 1529 conglaceatur,
1837 1474 1885 1516 et

129 1553 171 1584 20
195 1540 249 1582 ut
281 1536 466 1581 occidat
503 1537 761 1594 hominem,
804 1538 934 1594 prius
965 1537 1067 1594 ipse
1106 1537 1157 1580 in
1186 1537 1375 1581 homine
1415 1537 1654 1583 moriatur.
1695 1552 1884 1583 necesse

194 1604 355 1660 itaque
388 1618 494 1647 cum
525 1603 587 1647 3115
619 1603 842 1660 sanguius
884 1617 1027 1647 causa
1065 1603 1185 1664 vite,
1224 1604 1427 1648 maxime
1458 1604 1507 1647 111
1549 1618 1629 1661 spe
1662 1607 1710 1649 315
1741 1620 1884 1649 031133

194 1670 346 1727 prima
377 1669 540 1713 mortis
581 1672 664 1715 est.
708 1672 755 1714 et
796 1671 1192 1726 quemadmodum
1231 1685 1287 1715 ex
1319 1670 1500 1714 acriora
1530 1670 1797 1727 virioraque
1836 1674 1884 1716 et

196 1751 284 1796 que
334 1736 441 1780 aliis
491 1750 548 1780 ex
596 1736 806 1780 ciborum
850 1736 1074 1780 iniuriam
1119 1740 1404 1795 generantur
1450 1737 1641 1793 quidem
1687 1740 1735 1782 et
1780 1737 1884 1795 ipsa

195 1803 332 1847 modo
366 1817 447 1847 suo
481 1817 671 1860 corpore
711 1803 911 1847 multum
940 1804 1179 1861 ampliora
1211 1819 1268 1849 ex
1307 1819 1458 1864 eaque
1490 1818 1656 1849 nocere
1687 1807 1886 1861 possunt

130 1883 173 1915 25
196 1883 388 1925 genera,
429 1868 499 1912 ita
539 1883 643 1912 cum
682 1869 866 1925 aliquid
904 1873 1143 1926 presentes
1185 1871 1280 1915 sint
1317 1871 1604 1927 necessaria,
1651 1873 1705 1915 ut
1744 1872 1885 1915 sudor

197 1935 347 1979 saliva
381 1936 679 1992 omniumque
709 1937 886 1993 pituita
916 1937 1120 1994 plurima
1150 1940 1311 1982 tamen
1342 1937 1463 1982 vitia
1493 1937 1789 1993 latentesque
1813 1937 1883 1981 111-

195 2001 544 2046 becillitantum
582 2017 724 2047 causa
764 2005 811 2047 et
843 2018 899 2047 ex
937 2004 1267 2047 habundantia
1297 2003 1408 2048 bilis
1450 2003 1706 2047 acrimonia
1744 2017 1883 2059 gene-

196 2070 371 2112 rantur.
391 2068 527 2124 quasi
544 2069 648 2124 quis
661 2070 771 2113 dum
789 2085 928 2114 sanus
946 2071 1102 2127 fuerit,
1128 2069 1198 2114 ita
1213 2072 1474 2127 temperare
1494 2069 1710 2126 voluerit,
1735 2072 1789 2114 ut
1804 2083 1883 2113 ne-

197 2147 286 2189 que
299 2135 576 2178 habundent
588 2136 816 2193 nocitura,
831 2151 915 2181 nec
930 2137 1041 2193 quia
1053 2137 1298 2194 profutura
1312 2136 1406 2180 sint
1418 2136 1468 2179 in
1482 2135 1658 2180 offensa
1668 2136 1882 2193 salutem,

128 2213 173 2244 30
199 2200 446 2245 observare
480 2202 732 2246 debeamus
764 2204 955 2247 modum
985 2204 1065 2248 rei.
1107 2203 1234 2260 quod
1265 2204 1424 2246 autem
1456 2201 1690 2246 custodire
1720 2216 1882 2259 possu-

196 2281 312 2323 mus,
330 2266 516 2311 facilius
543 2269 811 2326 expeditam
829 2273 876 2314 et
897 2273 1006 2314 ante
1018 2270 1278 2327 plurimam
1297 2268 1469 2313 faciem
1483 2268 1606 2312 ratio
1622 2268 1779 2325 posita
1796 2271 1880 2314 3315.

372 2356 619 2402 XXXXVI.
666 2357 848 2411 Quare
879 2359 1228 2403 febricitans
1262 2360 1388 2402 estu
1421 2356 1703 2401 afficitur.

313 2422 516 2467 Maxime
547 2424 664 2467 haec
703 2427 774 2468 est
813 2439 954 2469 causa
994 2440 1114 2482 quae
1155 2424 1360 2482 corporis
1402 2422 1661 2480 conpressis
1694 2425 1882 2467 tantum

196 2485 246 2528 in
286 2486 689 2543 refrigerationem
728 2490 996 2535 admittitur
1034 2492 1247 2549 spiritus,
1291 2494 1403 2535 tunc
1441 2490 1649 2534 inclusus
1689 2489 1880 2546 sanguis

317 2579 338 2617 1
358 2575 489 2620 110.
566 2577 816 2632 pleuresG.
881 2584 906 2622 2
927 2579 1133 2625 Q1P2VI
1152 2581 1206 2626 G.
1284 2579 1454 2640 egregci
1473 2579 1529 2627 G.
1596 2578 1804 2635 ligatura
1824 2577 1878 2622 G·-

197 2637 225 2674 4
258 2634 305 2675 et
335 2633 490 2688 plures
519 2635 525 2693 1
551 2637 624 2680 hic
653 2638 758 2691 finit
776 2652 824 2693 p.
850 2641 965 2682 12147ι
995 2641 1089 2684 cod.
1116 2640 1342 2694 Palatini,
1373 2640 1506 2684 cuius
1536 2652 1649 2695 quae
1678 2638 1882 2694 sequitwr

193 2705 241 2745 p.
268 2694 376 2735 121³>
405 2694 515 2737 adeo
554 2696 720 2739 detrita
751 2702 793 2740 et
831 2698 1068 2752 obfuscata
1108 2699 1298 2743 habetwr
1336 2704 1388 2743 ut
1420 2699 1506 2756 Zeyi
1542 2699 1637 2741 iam
1673 2701 1878 2754 nequeat.

198 2754 338 2814 restat
374 2765 495 2795 unus
533 2754 627 2797 cod.
659 2754 703 2799 S.
738 2754 867 2799 Galli
897 2758 1098 2800 omnium
1127 2759 1268 2802 trium
1293 2759 1527 2813 pessimus.
1650 2761 1676 2799 6
1707 2755 1879 2799 ΙΧΙΝΙΠ

198 2820 263 2850 310
291 2806 333 2850 G
359 2809 433 2862 (cf.
467 2815 643 2866 supra).
758 2827 777 2855 3
803 2813 986 2870 selidarji
1012 2817 1113 2871 (sic)
1144 2815 1200 2860 G.
1293 2820 1319 2860 8
1344 2815 1441 2873 cap.
1473 2829 1660 2860 ‘numero
1690 2819 1812 2859 caret
1837 2812 1881 2858 G

203 2867 274 2918 (111
303 2870 514 2930 semper),
556 2871 632 2912 sed
662 2871 714 2914 in
744 2872 893 2917 indice
926 2875 1063 2927 (iusto
1095 2876 1273 2930 quidem
1302 2877 1508 2930 numero)
1540 2873 1711 2918 XXXV
1735 2873 1788 2917 P-

200 2927 257 2965 19
284 2936 517 2979 copiorem
542 2930 618 2982 ff
637 2930 737 2984 (sic)
754 2929 807 2974 G.
930 2936 985 2975 32
1010 2932 1201 2976 XXXVI
1231 2934 1326 2978 ind.
1354 2934 1416 2979 P:
1449 2946 1532 2978 om.
1545 2932 1600 2977 G.
