1950 3172
185 107 295 162 154
724 108 1044 155 THEODORJ
1067 107 1372 152 PRISGIANI
1854 0 1950 171 εἲ

175 249 278 296 -mis
332 246 729 313 competentibus
782 245 1015 295 medendi
1067 245 1392 310 frequentius.
1483 250 1878 297 sternutamenta

181 321 379 372 assidue
425 314 735 387 procuranda
789 325 906 369 sunt
951 334 1008 368 ex
1059 318 1294 372 odoribus
1341 319 1616 370 acrioribus
1623 359 1638 388 ,
1692 320 1874 386 quibus

181 394 374 445 facilius
419 396 580 459 possit
623 408 797 459 pressa
843 392 1049 443 altitudo
1097 392 1293 443 cerebri
1345 395 1589 444 suscitari.
1664 409 1780 445 nam
1825 400 1875 444 et

182 469 275 518 alia
313 468 518 518 naribus
558 483 732 518 eorum
772 466 1095 533 supponenda
1134 473 1251 517 sunt
1282 482 1343 518 ex
1373 469 1483 517 vivo
1523 467 1759 534 sulphure
1797 468 1875 519 vel
1941 510 1944 514 .

133 557 158 590 5
182 548 406 593 castoreo
445 547 720 608 temperata
759 557 873 592 cum
912 547 1064 591 acet0.

330 618 529 682 cynicos
584 631 808 682 spasmos
859 621 1139 683 praeterea,
1194 617 1280 681 qui
1338 631 1398 665 ex
1451 618 1552 667 oris
1604 618 1875 667 vicinitatis

178 690 405 741 molestia
458 691 654 756 linguae
710 697 759 740 et
803 692 939 740 vocis
994 691 1212 740 officium
1266 690 1554 755 frequenter
1605 692 1875 759 intercipit,

179 767 397 831 propriis
445 767 578 815 curis
626 765 950 830 corrigendus
997 766 1091 814 erit
1137 764 1442 831 specialiter,
1490 767 1875 830 gargarismatiis

179 842 323 905 ysopi
346 840 503 906 thymi
527 842 713 904 sinapis
739 855 852 889 cum
877 838 1102 904 oxymeli.
1151 838 1275 888 cibis
1308 838 1597 889 salsioribus
1622 840 1877 889 nutriendi

103 928 159 960 1ο
183 920 299 964 sunt
345 920 394 964 et
449 914 730 964 catharticis
778 913 976 963 assidue
1030 912 1295 962 relevandi.
1374 914 1417 962 si
1464 912 1555 963 sub
1610 913 1702 963 hac
1756 929 1873 964 sane

182 988 436 1053 diligentia
474 1003 650 1053 parum
681 987 927 1037 medicina
958 988 1241 1053 profecerit,
1272 1002 1446 1036 venam
1478 989 1552 1036 eis
1585 987 1676 1037 sub
1708 987 1878 1053 lingua

183 1062 374 1112 secabo,
451 1078 544 1112 nec
583 1077 682 1111 non
729 1064 877 1111 etiam
922 1062 1087 1110 tardas
1144 1062 1469 1126 confusasque
1521 1077 1695 1111 eorum
1741 1062 1874 1111 locu-

179 1138 343 1186 tiones
385 1135 475 1185 sub
518 1136 756 1201 disposita
794 1137 1142 1202 provocatione
1183 1135 1446 1202 compeHO,
1492 1137 1698 1185 timores
1736 1138 1875 1186 incu-

180 1211 349 1260 tiendo
388 1212 520 1275 ignis
560 1217 644 1260 aut
684 1212 944 1276 serpentiS,
982 1216 1037 1259 ut
1078 1211 1428 1259 correctiorem
1467 1225 1639 1259 vocem
1677 1210 1876 1260 tandem

114 1297 157 1330 15
182 1291 419 1349 cogantur
459 1300 764 1350 expromere.
843 1290 989 1349 caput
1037 1299 1209 1333 eorum
1255 1283 1442 1348 liquido
1490 1286 1732 1333 cerotario
1779 1285 1878 1334 fre-

182 1366 393 1424 quenter
442 1359 649 1408 infundo
697 1375 757 1408 ex
804 1364 1028 1408 castoreo
1074 1357 1359 1423 peucedano
1416 1363 1465 1406 et
1519 1357 1625 1406 oleo
1680 1358 1873 1408 laurino

180 1433 257 1482 vel
302 1435 432 1482 irino
487 1439 774 1498 temperato,
858 1434 1113 1497 potionem
1167 1433 1333 1480 ieiuno
1382 1431 1506 1480 dabo
1555 1447 1615 1480 ex
1662 1435 1876 1483 castorei

180 1507 382 1572 pulvere
430 1509 482 1556 in
522 1507 724 1556 modum
764 1506 1000 1563 coclearis
1047 1507 1197 1555 unius
1245 1521 1358 1555 cum
1404 1505 1671 1555 meliorato.
1750 1506 1874 1556 dabo

116 1595 156 1626 19
182 1584 319 1631 ieran
359 1597 419 1631 ex
450 1597 605 1648 more,
645 1580 770 1630 dabo
812 1586 862 1630 et
899 1581 1170 1630 theriacam
1208 1586 1431 1644 tempore
1472 1582 1784 1645 competenti.

86 1654 164 1707 54
331 1658 373 1705 si
413 1661 577 1705 autem
617 1656 816 1720 frigoris
857 1670 1002 1704 causa
1034 1654 1271 1719 paralysis
1313 1653 1590 1721 obvenerit,
1629 1660 1685 1703 ut
1730 1654 1874 1720 plena

300 1862 324 1900 1
350 1856 571 1901 medendi
587 1857 652 1901 B:
678 1855 855 1900 mederi
869 1857 929 1901 rb
950 1858 1023 1912 (se.
1052 1855 1297 1913 cenvenit).
1421 1860 1446 1899 2
1470 1856 1764 1912 procuranda
1779 1857 1871 1902 rB:

178 1917 479 1974 provocanda
510 1918 548 1961 b.
649 1920 678 1958 4
710 1915 805 1959 alia
838 1916 911 1972 (se.
946 1914 1290 1972 odoramenta):
1324 1914 1439 1958 allia,
1471 1917 1567 1972 (sic)
1598 1915 1658 1970 B,
1692 1914 1875 1960 colliria

178 1978 252 2021 rb.
285 1977 342 2031 ef.
381 1975 497 2020 Cael.
533 1977 560 2020 Z.
593 1989 629 2019 c
783 1978 809 2017 5
843 1987 949 2017 cum
981 1975 1113 2018 aceto
1145 1989 1171 2019 r
1196 1975 1269 2029 (cf.
1307 1973 1422 2019 Cael
1449 1978 1495 2029 2,
1527 1976 1629 2031 37):
1663 1989 1746 2020 om
1778 1975 1873 2020 Bb.

181 2041 207 2080 6
233 2034 401 2092 qnieon
433 2048 645 2091 spasmus
669 2049 707 2091 r,
741 2047 1071 2090 cenospasmus
1095 2034 1154 2088 Β,
1189 2032 1279 2086 Qui
1303 2037 1359 2077 csi
1385 2047 1571 2089 spasmo
1605 2035 1630 2077 b
1649 2035 1723 2089 (cf.
1754 2034 1871 2079 Cael.

179 2096 271 2140 chr.
297 2097 342 2151 2,
369 2098 428 2138 63
462 2099 504 2138 et
534 2099 581 2150 2,
615 2095 677 2150 8).
801 2092 882 2148 qui
912 2107 957 2137 r:
991 2091 1067 2136 cui
1098 2093 1157 2147 Β,
1191 2091 1304 2148 quia
1335 2093 1374 2136 b.
1497 2106 1554 2135 ex
1586 2092 1678 2136 oris
1709 2092 1874 2137 vicini-

178 2154 281 2197 tate
319 2152 539 2197 molestia
568 2167 615 2209 r,
663 2166 719 2196 ex
764 2150 1028 2196 vicinitatis
1074 2150 1293 2195 molestia
1323 2152 1390 2205 Β,
1430 2150 1575 2208 (quia)
1614 2151 1874 2197 vicinitatis

179 2212 400 2257 molestia
432 2214 470 2257 b.
595 2216 620 2255 7
653 2211 814 2270 lingue
848 2213 896 2255 et
928 2209 1020 2267 (vel
1051 2212 1115 2268 Β)
1146 2210 1275 2254 vocis
1307 2211 1408 2256 Bb:
1441 2210 1603 2268 lingue
1632 2211 1861 2257 110100181-

179 2271 421 2328 intercipit
450 2273 531 2321 rb,
565 2270 719 2314 —itur
749 2272 807 2316 Β.
917 2275 943 2314 8
971 2269 1245 2327 specialiter
1276 2271 1342 2315 B:
1379 2269 1560 2313 —libus
1591 2271 1664 2316 rb.
1767 2285 1874 2328 gar-

178 2330 469 2389 garismatiis
501 2332 560 2387 Β,
596 2330 739 2375 -0118
770 2345 816 2375 r:
851 2329 970 2373 —tis
1003 2331 1042 2374 b.
1174 2334 1199 2373 9
1233 2328 1388 2386 sinapi
1417 2330 1537 2374 er.
1671 2329 1873 2376 oximeli.

180 2391 299 2435 cib1s
330 2406 356 2435 r
388 2389 635 2447 (oximelle
671 2389 798 2434 Cibis
832 2390 896 2447 b).
929 2388 1207 2433 oximellicis
1238 2389 1297 2433 Β
1436 2392 1489 2431 11
1522 2387 1690 2445 profe(i
1714 2389 1876 2446 b)cerit

179 2451 283 2496 Bb:
315 2449 546 2507 profuerit
575 2453 791 2494 r.12
823 2462 909 2492 nec
939 2462 1034 2492 non
1064 2463 1102 2503 r,
1133 2461 1220 2492 nec
1250 2464 1283 2491 11
1313 2449 1340 2492 b
1372 2447 1545 2504 (Neu.):
1577 2461 1663 2491 nec
1687 2449 1756 2504 (in
1784 2449 1875 2503 fine

175 2466 423 2567 ’00181153
547 2508 857 2575 confusasque
889 2509 955 2554 B:
989 2506 1375 2563 confusionesque
1401 2508 1439 2563 b,
1472 2506 1803 2563 confossasque
1834 2522 1870 2552 r.

182 2574 236 2612 13
267 2568 459 2613 timores
490 2570 572 2613 rb:
603 2567 746 2611 moris
777 2569 836 2612 Β.
951 2572 1007 2611 14
1039 2566 1163 2624 ignis
1197 2567 1280 2610 aut
1312 2565 1560 2623 serpentis
1571 2581 1617 2611 r.
1648 2564 1757 2622 igne
1791 2567 1874 2610 aut

179 2630 417 2684 serpentes
449 2628 545 2673 Bb.
669 2626 994 2671 correctiorem
1021 2627 1067 2670 B
1076 2628 1123 2672 b
1157 2624 1493 2692 corruptiorem
1521 2640 1558 2670 r.
1679 2624 1875 2669 tandem

178 2687 282 2731 rB:
329 2686 525 2730 tandem
571 2686 828 2742 aliquando
868 2687 905 2730 b.
954 2693 961 2699 “
1062 2689 1115 2729 15
1157 2684 1413 2742 exprimere
1452 2699 1490 2729 r.
1642 2689 1695 2728 17
1742 2685 1872 2741 (pot.)

179 2746 491 2802 temperatam
523 2747 629 2791 add.
662 2747 707 2790 B
733 2747 843 2802 (non
872 2746 962 2802 rb).
1176 2748 1231 2788 19
1262 2743 1408 2787 ieram
1439 2744 1484 2787 Β
1509 2744 1637 2798 (yera
1670 2744 1727 2800 b),
1752 2742 1873 2787 Gera

182 2805 281 2859 (om.
309 2803 449 2860 dabo)
473 2819 509 2849 r.
596 2806 644 2849 et
660 2806 727 2861 (t)
751 2819 798 2849 r:
830 2818 913 2849 om.
932 2804 991 2849 B.
1083 2807 1140 2847 20
1166 2802 1410 2847 obvenerit
1430 2801 1531 2847 rB.
1565 2801 1809 2847 advenerit
1832 2803 1871 2848 b

164 2863 236 2904 -ut
280 2861 422 2918 plena
465 2876 575 2918 pars
622 2863 878 2920 aliquando
925 2862 1130 2919 corporis
1169 2860 1392 2918 (corporis
1431 2860 1687 2916 aliquando
1720 2863 1763 2918 b)
1801 2862 1873 2905 at-

166 2921 436 2978 temptetur
464 2923 547 2967 rb:
587 2923 640 2966 ut
675 2922 806 2979 lepra
850 2921 1106 2979 aliquando
1145 2934 1311 2977 corpus
1343 2920 1653 2977 attemptatur
1682 2922 1781 2977 (sic)
1811 2920 1872 2965 Β,
