1988 3184
211 136 321 190 350
773 135 1352 179 PSEUDo-rnnonom
1406 119 1408 121 ’

209 268 421 326 lapidem
453 268 510 312 de
541 267 692 313 veteri
721 267 849 312 mola
879 266 930 311 in
961 265 1209 324 ipsumque
1239 281 1325 312 vas
1356 266 1542 324 mittam
1583 269 1632 312 et
1660 267 1906 314 mulierem
1963 283 1973 319 ζ

211 348 355 392 εῳθι·
373 334 568 379 scafium
590 333 751 378 sedere
775 332 940 390 facias,
973 347 1170 390 eamque
1196 333 1451 392 cooperias.
1484 337 1533 379 et
1557 348 1663 379 cum
1684 335 1903 394 tepuerit,

209 401 319 446 inde
353 415 402 446 se
433 400 598 446 foveat
625 402 675 446 et
704 400 757 445 in
785 399 962 445 lectum
985 414 1034 444 se
1060 399 1268 445 calidum
1298 400 1514 459 proiciat,
1548 403 1596 446 et
1620 401 1750 447 cibos
1775 416 1905 447 amu·
1981 394 1988 423 ²

210 468 334 513 latos
368 467 587 524 accipiat,
621 469 670 512 et
698 466 816 511 mire
849 467 1032 512 sanasti
1062 481 1186 514 eam.
1227 467 1482 525 probatum
1512 469 1596 512 est.

165 586 331 632 5VIII.
372 586 448 630 De
479 585 627 630 vitio
669 586 822 642 quod
861 585 1162 645 spaerulus
1210 586 1430 630 dicitur
1469 588 1525 631 et
1563 585 1774 634 viduae
1804 589 1904 632 aut

715 651 935 709 virgini
968 652 1198 697 evenire
1231 653 1393 699 solet.

327 719 427 763 Hoc
465 718 654 764 mulieri
690 719 864 764 viduae
912 721 995 764 aut
1040 719 1215 777 virgini
1262 718 1535 777 contingere
1582 719 1723 777 solet,
1771 720 1905 765 dolor

210 786 384 842 aliquis
417 785 542 830 circa
574 800 741 843 corpus
775 788 859 831 aut
889 786 1118 831 tortiones
1144 789 1227 831 aut
1256 786 1464 843 pruritus
1490 786 1531 830 si
1554 786 1650 832 fiat.
1696 786 1737 830 si
1759 787 1904 832 vidua

208 852 365 910 fuerit,
398 853 503 910 ipsa
535 852 626 897 sibi
660 852 885 910 subiciat,
920 855 968 897 et
1006 853 1155 898 fricet.
1204 852 1381 911 virgini
1413 852 1492 898 sic.
1542 853 1627 897 fiat
1664 853 1738 897 illi
1777 853 1905 898 simi-

143 919 363 965 101itud0
410 919 501 963 viri
541 920 599 964 de
646 934 773 976 cera,
821 933 942 975 quae
982 919 1160 963 nitrum
1198 922 1246 964 et
1289 920 1639 963 cardamomum
1685 920 1901 977 accipiat.

211 987 435 1031 adversus
469 988 676 1031 aetatem
705 986 893 1044 puellae
927 986 993 1030 sic
1018 985 1163 1030 facies
1188 988 1408 1030 naturam
1432 985 1651 1043 cerinam,
1685 989 1733 1031 et
1755 986 1902 1031 medi-

210 1055 426 1097 camento
460 1053 776 1110 suprascripto
809 1052 962 1110 linieS,
996 1055 1044 1097 et
1076 1052 1142 1096 sic
1173 1052 1319 1097 facies
1351 1055 1405 1097 ut
1437 1053 1656 1098 salvetur.

448 1171 590 1216 VIIII.
626 1170 682 1215 Si
712 1173 845 1228 post
874 1173 1102 1229 partum
1132 1173 1333 1216 venter
1366 1170 1671 1228 crepuerit.

332 1237 551 1282 Cerotum
581 1252 637 1282 ex
670 1238 772 1282 oleo
804 1251 939 1282 roseo
971 1237 1131 1294 facies,
1165 1239 1213 1282 et
1244 1251 1481 1282 cerussam
1513 1239 1560 1282 et
1590 1237 1904 1296 lithargyrum

142 1318 185 1350 15
211 1306 259 1348 et
292 1303 571 1360 stypteriam
603 1304 823 1362 admisce,
857 1306 905 1348 et
936 1318 1092 1361 ungue
1124 1304 1231 1348 loca
1262 1304 1367 1361 ipsa
1400 1306 1448 1348 et
1479 1304 1627 1348 fascia
1659 1304 1757 1351 illa.

475 1423 529 1467 X.
562 1423 639 1467 De
670 1423 911 1467 muliere
943 1436 1087 1478 quae
1121 1422 1352 1479 saepius
1386 1423 1632 1468 abortat.

329 1489 558 1534 Cancrum
595 1491 718 1534 teres
758 1489 1019 1546 fiuvialem,
1061 1503 1166 1532 cum
1197 1488 1307 1533 vino
1346 1488 1499 1534 veteri
1529 1488 1687 1546 bibat,
1727 1489 1903 1533 bonum

208 1557 291 1599 est.
335 1555 542 1611 leporem
573 1555 732 1600 vivam
755 1558 1097 1613 praegnantem
1122 1555 1532 1616 <apprehendes>,
1565 1555 1694 1600 illius
1719 1556 1900 1601 catulos

330 1759 352 1798 1
389 1755 446 1799 de
478 1755 604 1799 mola
636 1755 786 1800 veteri
816 1771 858 1822 9:
1010 1757 1058 1800 et
1088 1755 1226 1800 mitte
1258 1755 1309 1799 in
1339 1755 1443 1812 ipso
1476 1769 1587 1800 vase
1619 1771 1704 1813 a9:
1854 1758 1902 1800 et

207 1814 282 1858 fac
315 1814 561 1858 mulierem
592 1828 732 1871 super
763 1814 943 1858 casium
975 1816 1056 1871 (sic
1086 1830 1128 1871 a,
1161 1829 1245 1859 vas
1277 1817 1322 1873 9)
1358 1815 1518 1859 sedere
1550 1830 1627 1872 a9.
1764 1820 1789 1858 2
1822 1828 1899 1859 ea—

207 1888 297 1929 que
331 1873 570 1930 cooperies
604 1876 651 1919 b:
686 1876 734 1918 et
767 1873 956 1931 cooperi
986 1874 1107 1918 bene
1140 1890 1182 1930 a,
1217 1876 1265 1918 et
1297 1874 1450 1931 operis
1483 1887 1587 1918 eam
1618 1889 1659 1931 9.
1853 1876 1900 1917 et

207 1947 314 1976 cum
344 1932 618 1977 intemuerit
647 1948 689 1991 9,
723 1947 813 1989 que
846 1947 951 1976 cum
981 1932 1239 1989 intepuerit
1271 1949 1313 1977 α.
1467 1937 1493 1976 3
1527 1932 1693 1977 exinde
1727 1947 1760 1977 s.
1793 1932 1824 1977 f.
1856 1948 1898 1991 9,

207 2006 290 2037 om.
324 2008 365 2037 a.
490 1991 753 2050 (intep.)2in
783 1992 812 2037 1.
848 2006 896 2036 se
927 1992 1141 2048 proiciat.
1178 1992 1317 2036 Cibos
1337 2029 1345 2037 .
1368 2029 1376 2037 .
1398 2029 1406 2036 .
1425 2008 1466 2036 a.
1573 1991 1792 2035 amilatos
1818 1994 1896 2037 ba.

206 2057 234 2095 4
268 2051 458 2095 sanabis
493 2065 597 2095 eam
627 2067 669 2110 9,
702 2051 945 2095 curabitur
976 2067 1018 2096 a.
1230 2053 1473 2108 expertum
1505 2053 1576 2094 est
1607 2066 1656 2107 a,
1698 2065 1790 2107 qua
1823 2064 1899 2095 ex-

206 2112 393 2179 pertum
455 2112 526 2154 est
556 2126 596 2168 9.
815 2116 840 2154 5
871 2113 995 2156 rubr.
1029 2112 1147 2155 deest
1176 2111 1229 2154 111
1260 2117 1388 2155 textu
1419 2112 1444 2155 b
1479 2114 1634 2167 (quam
1664 2124 1720 2155 ex
1749 2111 1899 2155 indice

201 2171 453 2227 praemisso
484 2171 683 2225 addzdi).
717 2170 786 2213 De
818 2169 936 2214 vitio
968 2168 1205 2238 virginum
1237 2172 1284 2213 et
1314 2169 1565 2214 viduarum
1595 2170 1691 2214 ind.
1725 2184 1766 2213 a.
1806 2170 1899 2213 tria

207 2244 322 2286 quae
352 2244 437 2286 seq.
471 2231 679 2286 capitula
709 2243 792 2274 om.
826 2245 855 2288 9
881 2234 1001 2285 (cum
1032 2231 1084 2273 in
1105 2230 1195 2284 fine
1226 2230 1370 2274 addat
1400 2243 1434 2273 c
1459 2232 1556 2284 21).
1652 2229 1761 2284 (tit.)
1796 2241 1898 2284 spe-

205 2287 288 2331 1111
326 2290 365 2333 b.
459 2301 669 2332 6111111616
703 2290 806 2344 (sic)
841 2290 879 2333 b
975 2287 1166 2332 7solet.
1201 2290 1255 2331 ut
1279 2302 1316 2332 6.
1346 2303 1383 2332 6.
1410 2290 1493 2331 aut
1522 2302 1589 2354 pr.
1626 2289 1709 2331 aut
1732 2289 1766 2332 t.
1799 2286 1896 2329 illis

205 2347 323 2391 fiant
346 2363 387 2392 α.
482 2352 508 2390 8
543 2347 591 2391 Si
622 2347 765 2392 vulva
803 2347 948 2391 fuerit
980 2349 1027 2392 b:
1061 2347 1293 2391 Curantur
1324 2348 1484 2413 autem
1515 2346 1594 2390 sic.
1627 2345 1772 2390 vidua
1806 2345 1898 2389 sibi

208 2405 439 2451 subiciat.
525 2422 567 2451 a.
669 2411 695 2449 9
726 2406 902 2464 virgini
932 2406 1017 2450 fiat
1047 2408 1214 2472 nature
1246 2405 1338 2450 viri
1363 2406 1425 2449 ad
1450 2404 1808 2449 similitudinem
1839 2405 1896 2448 de

206 2478 312 2509 cera
344 2467 392 2509 et
421 2441 546 2509 nitro
579 2467 627 2510 et
652 2466 951 2509 cardamomo
983 2464 1291 2522 pulverizata.
1326 2467 1374 2509 et
1398 2479 1455 2509 ex
1478 2464 1567 2508 hoc
1595 2463 1772 2507 illinita
1795 2463 1893 2508 XX.

207 2527 245 2569 δ.
273 2524 532 2567 subiciatur
555 2540 585 2569 a
604 2526 700 2580 (rel.
726 2539 797 2569 om
801 2528 847 2581 ..)
935 2529 988 2567 11
1015 2524 1132 2568 &ate
1152 2525 1254 2580 (sic)
1275 2526 1313 2569 b.
1377 2523 1562 2568 cerinea
1579 2525 1617 2568 b.
1720 2527 1802 2566 12
1793 2528 1836 2565 ss
1855 2524 1893 2567 b.

208 2587 262 2625 13
293 2585 416 2627 rubr.
451 2598 506 2628 eoe
538 2585 562 2628 b
595 2590 636 2628 et
665 2585 762 2628 ind.
797 2586 873 2628 ba.
970 2588 1025 2627 14
1050 2598 1088 2628 c.
1114 2582 1261 2627 facies
1294 2597 1351 2627 ex
1384 2596 1425 2626 o.
1457 2597 1492 2626 r.
1525 2598 1567 2626 a.
1660 2583 1708 2625 et
1732 2595 1895 2625 cerusa

206 2643 253 2684 et
292 2641 508 2698 litargiro
549 2645 598 2686 et
637 2642 854 2699 stipteria
893 2642 1114 2687 ammices
1149 2644 1194 2686 b.
1235 2643 1283 2685 et
1322 2640 1551 2685 adhibeas
1591 2654 1812 2684 cerusam.
1847 2642 1895 2683 et

206 2698 519 2756 lithargirum.
554 2701 828 2758 stipteream
860 2718 901 2747 a
1079 2705 1132 2744 15
1166 2700 1252 2744 illa
1282 2714 1364 2746 om.
1399 2717 1441 2745 a.
1618 2704 1671 2743 16
1705 2699 1895 2743 abortat

210 2759 365 2811 (etiam
396 2760 448 2803 in
477 2761 594 2815 ind.)
629 2763 675 2806 b·
708 2759 887 2805 abortit
918 2777 948 2805 a
978 2762 1030 2805 111
1060 2762 1156 2805 ind
1299 2764 1355 2803 17
1389 2759 1435 2804 C.
1468 2759 1511 2803 fl.
1546 2760 1732 2803 contere
1765 2760 1813 2802 et
1843 2757 1907 2810 in=

206 2815 389 2917 17110116ῒῖ
415 2818 550 2916 potui
576 2819 648 2863 da.
676 2833 767 2922 {aec
791 2819 937 2864 faciet
959 2821 1139 2934 pgstea
1150 2817 1429 2922 alilortiivum
1462 2817 1651 2922 Multleri
1681 2831 1774 2884 que
1783 2815 1891 2902 qcito

208 2887 362 2916 aoi
436 2889 805 2931 eporemecwa
1048 2893 1075 2922 a
1141 2891 1427 2922 reenea
1459 2891 1527 2922 om
1760 2875 1778 2918 i
1836 2888 1892 2918 ca

206 2931 330 2976 talos
366 2934 468 2989 (sic)
504 2935 545 2979 d.
579 2950 622 2978 v.
654 2938 688 2980 t
723 2938 769 2981 b.
803 2938 851 2980 et
882 2937 998 2981 tolle
1030 2893 1287 2980 eipcatulos
1321 2936 1379 2981 de
1409 2951 1452 2981 v.
1485 2951 1527 2981 a.
