1988 3184
0 386 42 430 *ἐκ

604 175 615 184 .
677 218 679 220 Ι
727 140 1181 204 ΑΒΒΙΤΑΜΕΝΤΑξ
1255 179 1257 181 -
1681 158 1790 212 305

220 294 583 352 Unguentum
636 293 706 337 ad
763 305 951 337 omnes
1004 291 1256 350 fdolores.
1335 291 1568 337 satureiae
1621 290 1787 335 viridis

100 334 410 417 manipulum,
442 359 565 404 lauri
595 359 738 403 bacas
764 358 892 416 XIII,
925 357 1026 402 eius
1051 350 1271 401 foliorum
1292 355 1359 400 lib
1375 357 1433 417 II,
1462 359 1598 402 rutae
1619 356 1785 401 viridis

102 427 397 483 tantundem,
430 425 604 482 cymini
634 427 863 481 quantum
894 423 1081 480 sufficit,
1114 422 1292 467 salviae
1314 422 1480 467 viridis
1502 433 1561 473 —2-
1584 423 1662 479 III,
1687 437 1788 476 ver,-

11 497 14 501 '
97 493 254 537 benae
278 502 338 542 -ζ-
359 492 439 548 ΙΠ,
467 491 627 555 ,oleum
649 493 878 547 quantum
901 489 1087 546 sufficit,
1123 502 1256 534 cerae
1280 488 1426 533 libras
1461 489 1590 546 duas,
1608 490 1614 549 Ι
1635 492 1696 546 (p.
1717 491 1786 545 70)

101 557 305 614 agrestis
337 556 592 602 cucumeris
616 556 798 601 radices
821 556 942 601 XIII.
991 554 1147 600 omnia
1178 555 1298 599 bene
1329 568 1475 611 coque
1506 555 1557 599 in
1588 554 1705 611 oleo,
1739 557 1788 599 et
1833 566 1855 599 5

99 623 268 668 colatis
303 624 426 668 adde
458 637 625 668 ceram.
672 622 953 678 ubicumque
983 621 1169 668 unxeris
1203 620 1401 665 habebit
1432 620 1660 665 effectum.

165 716 176 731 -.
218 690 302 733 Ad
333 691 607 733 tumorem
636 688 916 748 tibiarum
955 690 1010 732 et
1054 687 1268 744 pedum.
1318 686 1410 731 olei
1456 689 1614 744 partes
1656 688 1786 742 duas,

98 755 222 800 aceti
245 755 452 812 tertiam,
485 754 596 799 salis
629 753 859 798 coclearia
878 754 956 799 111.
984 753 1130 797 simul>
1154 753 1309 798 misce.
1343 753 1488 797 tibias
1520 753 1787 810 frequenter

97 821 272 878 frigido
305 824 388 866 aut
418 820 572 880 calido
603 833 855 877 perungue,
886 821 1052 876 postea
1074 833 1158 876 per
1188 820 1326 863 horas
1358 819 1488 864 faece
1522 819 1645 864 aceti
1675 819 1785 864 lava

96 887 256 932 tibias,
1809 897 1852 928 10
1894 887 1896 889 ’

215 953 356 997 Item
396 953 465 996 ad
497 952 749 1009 dolorem
779 951 980 1008 pedum
1011 954 1066 995 et
1097 953 1388 996 tumorem.
1451 951 1633 1010 §herbae
1673 951 1786 995 cali-

93 1018 290 1075 -gulatae
322 1018 439 1062 folia
470 1018 707 1075 inpanno
738 1018 864 1061 nudo
897 1017 1083 1074 impone
1116 1019 1163 1061 et
1195 1017 1280 1061 sub
1307 1017 1460 1061 cinere
1486 1016 1640 1061 calido
1663 1031 1784 1074 pone

96 1086 145 1128 et
177 1083 378 1141 subliga.
429 1083 636 1128 dolorem
666 1083 806 1128 tollit.

215 1150 582 1207 Unguentum
611 1145 915 1206 probatum
946 1149 1014 1193 ad
1039 1149 1293 1194 dolorem
1323 1164 1586 1194 manuum
1610 1152 1665 1194 et
1687 1164 1784 1207 po-

99 1217 347 1273 dagram.
402 1215 564 1260 urinae
596 1215 712 1259 muli
754 1214 949 1260 castrati
982 1215 1141 1272 accipe
1166 1216 1232 1260 lib
1249 1217 1348 1273 IIII,
1385 1230 1575 1273 spumae
1600 1217 1784 1273 argenti
1810 1226 1854 1258 15

95 1282 163 1326 lib
188 1283 244 1338 II,
281 1282 371 1326 olei
395 1281 703 1326 vetustissimi
726 1281 918 1338 libram,
953 1282 1185 1338 axungiae
1211 1282 1382 1327 veteris
1405 1282 1472 1327 lib
1482 1283 1537 1327 II.
1566 1298 1787 1340 spumam

97 1347 284 1405 argenti
315 1350 416 1392 tere
448 1350 496 1391 et
527 1347 593 1391 sic
617 1347 759 1391 misce
791 1347 898 1400 lotii
930 1348 1166 1392 modicum
1188 1348 1239 1392 in
1264 1363 1375 1393 vase
1401 1363 1536 1393 aereo
1562 1352 1609 1393 et
1638 1363 1784 1405 coque
1827 1381 1829 1383 -

99 1414 246 1458 donec
280 1414 485 1458 colorem
514 1415 676 1458 mutet.
725 1415 892 1469 postea
924 1415 1058 1459 adice
1091 1416 1246 1460 oleum
1269 1418 1317 1459 et
1349 1415 1603 1472 axungiam
1634 1418 1681 1460 et
1710 1430 1786 1460 co-

23 1515 28 1518 .
96 1493 186 1535 que
218 1479 460 1524 modicum
491 1493 628 1536 super
660 1480 884 1523 carbones
917 1481 1141 1535 quamdiu
1174 1481 1376 1525 colorem
1405 1482 1602 1525 rubeum
1624 1481 1784 1545 faciat,

97 1548 144 1590 et
175 1559 364 1602 repone.
414 1546 601 1602 quando
634 1559 748 1602 opus
781 1545 935 1602 fuerit,
969 1546 1111 1591 induc
1142 1547 1191 1591 in
1223 1547 1354 1591 aluta
1385 1548 1433 1590 et
1464 1547 1662 1603 impone.
1764 1592 1776 1605 ‚
1809 1556 1852 1587 20

214 1613 361 1656 Item
405 1626 436 1654 u
454 1627 579 1670 ng,u
597 1625 621 1655 e
638 1627 670 1654 n
686 1614 752 1655 tu
769 1627 817 1654 m
863 1612 932 1656 ad
971 1612 1200 1671 sjcabias
1240 1614 1298 1656 et
1342 1611 1524 1656 tibias
1571 1614 1783 1668 ruptas.

96 1677 254 1722 inulae
291 1677 499 1722 radicem
530 1680 716 1722 contere
749 1671 853 1721 cum
885 1678 1091 1734 axungia
1121 1677 1314 1734 porcina
1339 1680 1387 1722 et
1415 1677 1618 1734 adiunge
1644 1677 1714 1722 sal
1739 1680 1786 1722 et

95 1743 357 1801 fuliginem,
391 1746 438 1788 et
470 1758 525 1788 ex
555 1744 644 1788 hoc
677 1744 738 1787 ad
768 1743 926 1800 ignem
956 1746 1203 1800 unguatur.
1818 1754 1823 1758 '

115 1841 118 1845 -
218 1810 360 1854 Item
392 1812 740 1867 unguentum
772 1810 841 1853 ad
863 1810 1100 1854 vulnera
1133 1825 1364 1855 crurum.
1414 1809 1632 1854 mastices
1658 1821 1715 1858 ÷
1741 1810 1786 1871 S,

94 1875 246 1919 libani
278 1886 338 1924 -ζ-
374 1876 424 1932 S,
471 1875 722 1933 lithargyri
753 1888 811 1924 ÷
838 1875 892 1932 V,
941 1890 1153 1921 cerussae
1193 1876 1259 1919 lib
1286 1874 1338 1932 S,
1392 1875 1483 1920 olei
1522 1876 1655 1920 fialas
1687 1875 1784 1935 XV,
1810 1885 1853 1918 25

97 1942 222 1987 aceti
255 1941 470 1985 acerrimi
501 1941 634 1985 fialas
666 1941 807 1986 XVII.
861 1942 1017 1986 omnia
1048 1942 1221 1987 confice
1255 1944 1302 1986 et
1332 1944 1476 1986 utere.
1609 1959 1614 1963 ⁹

215 2009 359 2052 Item
391 2008 460 2051 ad
490 2009 766 2067 tumorem
797 2008 1250 2065 podagrioorum.
1298 2007 1467 2064 recipit
1498 2007 1786 2052 artemisiam

98 2076 146 2118 et
176 2073 294 2117 folia
326 2073 540 2117 hederae.
589 2087 694 2117 cum
725 2076 857 2118 aceto
891 2074 1142 2131 diligenter
1171 2077 1271 2119 tere
1304 2077 1352 2118 et
1383 2074 1449 2118 sic
1482 2074 1786 2131 emplastrum

96 2139 294 2195 impone.
345 2138 551 2182 exsiccat
576 2141 622 2182 et
653 2139 856 2196 stringit,
889 2143 937 2184 et
970 2154 1153 2185 omnem
1179 2141 1387 2185 dolorem
1417 2140 1609 2185 mirifice
1641 2141 1782 2186 tollit.

94 2205 345 2261 probatum
376 2207 459 2249 est.
1494 2229 1498 2234 ‚
1804 2215 1848 2247 30

217 2272 362 2315 Item
386 2272 455 2315 ad
476 2272 788 2328 podafgram
812 2274 867 2316 et
890 2274 1174 2323 t¹u1norem.
1215 2271 1505 2329 plantaginis
1531 2271 1646 2316 folia
1671 2285 1779 2316 con-

100 2340 208 2381 tusa
242 2351 347 2381 cum
377 2337 559 2381 modico
593 2337 690 2381 sale
721 2337 955 2394 imposita,
989 2338 1218 2395 optimum
1249 2340 1331 2383 est.

215 2404 356 2448 Item
395 2403 463 2447 ad
501 2404 703 2460 pedum
751 2404 1003 2448 dolorem
1041 2406 1109 2459 {et
1154 2407 1426 2448 tumorem
1471 2419 1781 2450 nervorum.
1825 2405 1828 2408 ’

97 2468 391 2514 senecionem
429 2469 624 2514 herbam
662 2483 766 2513 cum
805 2469 1010 2527 axungia
1048 2469 1212 2514 tritam
1250 2472 1298 2515 et
1338 2470 1626 2528 impositam,
1666 2471 1782 2516 mire

98 2536 247 2579 sanat.
792 2566 795 2569 ψ
1806 2543 1849 2576 35

216 2657 241 2694 2
274 2651 402 2695 mani
425 2649 486 2707 pl’
516 2645 566 2696 b.
648 2651 764 2706 folia
787 2653 844 2698 11.
869 2652 948 2698 lib.
976 2655 1015 2698 b.
1108 2658 1134 2698 s
1163 2653 1302 2697 simul
1331 2653 1488 2699 misce.
1527 2654 1627 2699 fece
1660 2632 1783 2699 aceti

97 2716 175 2755 etc.
211 2712 295 2766 (sic
327 2711 394 2754 bis
424 2725 480 2755 ex
501 2725 541 2755 v.
568 2714 615 2766 9)
651 2713 689 2755 b.
780 2716 806 2755 9
838 2711 1011 2769 frigido
1045 2715 1129 2756 aut
1160 2714 1306 2758 cat-b.
1401 2718 1453 2756 11
1487 2713 1710 2771 caliglate
1743 2716 1783 2760 b.

19 2791 33 2802 ·
100 2773 154 2812 13
188 2767 278 2814 dol'
317 2768 354 2812 &
381 2770 387 2825 Ι
414 2767 512 2812 toll'
549 2771 587 2814 b.
711 2774 764 2813 15
796 2770 943 2818 ‚Urina
975 2773 1014 2816 b.
1141 2771 1313 2828 Spuma
1346 2774 1444 2828 (etc.
1476 2776 1588 2829 acc.)
1624 2774 1662 2818 b.

100 2831 153 2870 17
186 2826 276 2871 luti
302 2829 340 2872 b.
495 2832 547 2871 18
580 2827 734 2873 calore
765 2831 889 2874 iutet
920 2828 980 2875 b.'
1083 2834 1139 2874 20
1171 2829 1308 2874 aluea
1339 2832 1377 2876 b.
1512 2836 1565 2875 21
1600 2831 1709 2875 scal‘)
1742 2833 1781 2877 b.

97 2890 153 2930 22
185 2886 335 2930 Ε111116
368 2887 406 2931 b.
530 2890 584 2930 25
619 2886 811 2932 Olibani
843 2890 868 2933 b
903 2890 974 2944 (ut
1003 2893 1178 2946 supra).
1295 2893 1350 2933 27
1382 2892 1425 2944 Bc
1455 2891 1493 2936 b.
1586 2894 1641 2935 31
1675 2904 1783 2935 con-

95 2946 237 2989 tunsa
269 2947 310 2990 b.
403 2949 460 2989 34
492 2944 720 2991 Senicion.
753 2946 910 2991 Herba
942 2949 980 2993 b.
1102 2947 1217 2992 trita
1249 2949 1296 2997 et
1326 2950 1480 3005 ipoita
1513 2950 1551 2994 b.

186 3027 409 3061 Theodorus
432 3027 666 3071 Priscianus,
689 3029 746 3062 ed.
764 3028 828 3062 Ro
839 3038 856 3062 s
867 3038 898 3062 e.
1460 3026 1516 3066 20
