1950 3172
133 90 244 145 120
653 91 974 135 ’11111011οΜ
999 89 1303 134 muscum

131 237 300 281 tamen
353 229 729 280 inhaerentibus
784 230 940 293 signis
989 227 1068 277 vel
1121 226 1483 294 accidentibUS,
1537 243 1662 294 quae
1714 231 1832 297 plns

132 305 344 371 periculi
398 305 561 353 facere
617 303 886 352 consuevit.
963 306 1156 351 meatus
1202 303 1431 366 utrisque
1484 305 1831 356 transvorandi

134 379 351 429 difficilis
390 379 475 427 fiet
515 383 564 426 et
602 376 662 425 de
696 375 1014 425 conclusione
1046 375 1270 425 locorum
1299 374 1378 424 vel
1409 378 1641 444 suspirie,
1681 381 1832 430 etiam
1899 390 1903 394 ‘

134 452 425 518 nausiandO,
463 449 822 516 periclitantur.

45 522 115 574 23
282 527 335 575 hi
365 526 459 575 hoc
490 524 636 573 modo
670 524 877 574 curandi
908 529 1068 573 erunt.
1121 523 1404 573 cubiculum
1434 526 1594 574 maius
1619 526 1831 576 calidum
1901 530 1903 533 ’

89 613 109 644 6
133 599 501 666 procurandum
534 603 622 648 est.
679 598 889 663 clystere
923 599 1112 647 acriore
1139 598 1357 647 officium
1380 600 1568 648 ventris
1594 602 1830 665 cogimus.
1903 641 1926 652 .„

133 680 182 724 et
214 675 258 723 si
290 680 423 723 aetas
450 688 624 722 eorum
656 672 815 722 adhuc
841 671 1047 721 calidior
1071 672 1235 738 fuerit,
1267 671 1530 721 flebotomo
1555 672 1833 724 liberantur
1918 676 1941 694 ³

134 764 193 798 ex
232 749 373 797 venis
422 747 513 797 sub
560 747 727 811 lingua
774 745 1143 811 apparentibUS‚
1197 761 1254 795 eo
1303 761 1420 795 sane
1464 752 1691 812 tempore
1732 765 1829 814 quo
1919 743 1946 767 ’⁶'

132 824 405 872 necessitas
440 823 672 886 coegerit.
727 821 814 870 ubi
846 822 978 870 enim
1011 819 1224 869 febrium
1248 822 1398 869 timor
1422 820 1649 888 defuerit,
1681 825 1830 872 etiam
1913 807 1947 838 ‘³³'

67 908 110 941 10
133 902 247 962 post
294 897 499 945 tertium
540 896 672 944 diem
713 896 966 959 sanguinis
1007 895 1245 943 detractio
1285 910 1385 944 non
1423 901 1643 959 negatur.
1722 912 1831 961 gar-

133 972 417 1036 garismatio
457 985 573 1018 vero
612 969 701 1018 has
743 984 915 1018 causas
960 968 1175 1017 faucium
1217 968 1386 1017 solitas
1426 968 1831 1033 frequentissime
1920 948 1950 1015 ,ἕ

132 1045 219 1094 tali
272 1046 499 1093 novimus
554 1042 785 1110 relevari,
839 1042 1095 1091 meliorato
1150 1043 1203 1090 in
1251 1058 1347 1106 quo
1403 1048 1486 1091 aut
1540 1044 1831 1094 cantabrum

133 1118 447 1183 coquendum
499 1123 575 1166 est
629 1123 712 1166 aut
765 1118 847 1166 fici
902 1118 1062 1165 siccae
1112 1122 1196 1165 aut
1243 1116 1395 1181 gallae
1444 1123 1700 1181 quassatae
1748 1125 1834 1169 aut

134 1208 249 1242 rosa
291 1194 421 1241 sicca
461 1198 544 1241 aut
582 1190 817 1240 lenticula
857 1196 941 1239 aut
981 1191 1257 1239 omfacium.
1336 1190 1497 1255 aliqua
1530 1206 1590 1240 ex
1628 1192 1706 1241 his
1748 1199 1834 1243 aut

66 1278 108 1310 15
135 1272 269 1316 certe
319 1267 482 1315 omnia
528 1271 584 1314 ut
639 1267 868 1330 superius
917 1266 1262 1313 contexuimus
1303 1266 1654 1328 concoquenda
1701 1274 1830 1317 sunt.

131 1356 247 1390 nam
294 1346 342 1389 et
390 1340 660 1389 andronius
706 1341 951 1388 trociscus
997 1337 1225 1386 omnibus
1272 1338 1479 1387 medicis
1528 1340 1830 1404 approbatus

133 1417 176 1463 si
216 1429 329 1463 cum
368 1428 513 1478 passo
554 1413 630 1462 vel
671 1428 880 1462 caroeno
921 1417 1112 1461 teratur
1153 1417 1202 1460 et
1239 1411 1376 1460 molli
1414 1414 1566 1476 pinna
1597 1413 1675 1462 his
1707 1414 1830 1464 locis

132 1488 438 1554 adhibeatur,
495 1489 615 1536 satis
670 1489 817 1536 iuvat.
897 1488 968 1535 sic
1017 1487 1166 1534 etiam
1215 1485 1274 1534 de
1330 1486 1451 1535 flore
1506 1502 1732 1536 rosarum
1781 1495 1832 1538 et

133 1562 347 1612 alumine
389 1563 543 1610 scisso
586 1567 634 1610 et
674 1561 878 1626 difryge·
905 1560 1066 1624 lapide
1106 1559 1254 1608 simul
1286 1560 1541 1609 combusto
1575 1562 1832 1611 confectus

66 1648 110 1680 20
132 1637 294 1702 pulvis
335 1635 564 1684 similiter
595 1640 900 1699 temperatus
934 1634 1240 1683 commodius
1273 1633 1548 1700 adhibetur,
1586 1641 1634 1683 et
1665 1642 1830 1685 cetera

130 1711 510 1776 medicamenta,
556 1715 612 1758 ut
659 1709 862 1758 anthera
902 1714 951 1757 et
995 1708 1073 1756 his
1122 1707 1303 1756 similia
1346 1709 1650 1757 anteriorum
1697 1725 1829 1758 com-

252 1857 277 1896 2
306 1858 409 1910 post
447 1850 690 1895 consuevit
722 1852 803 1907 (sic
836 1851 910 1895 Vb
931 1851 1049 1904 Geb,
1093 1850 1277 1894 consuit
1307 1865 1352 1902 r,
1394 1853 1736 1895 consueverunt
1765 1854 1831 1910 B)

131 1913 237 1957 add.
264 1913 288 1956 b
319 1911 442 1954 hanc
476 1912 635 1954 autem
668 1908 954 1966 syquinance
986 1908 1157 1952 medici
1191 1909 1439 1966 appellant
1461 1932 1517 1946 =
1544 1911 1569 1954 b
1589 1910 1684 1955 Gel.
1704 1911 1826 1956 hanc

133 1971 332 2015 eandem
363 1969 635 2026 cynanchen
666 1968 838 2012 medici
871 1967 1111 2025 appellare
1136 1970 1486 2013 consueverunt.
1521 1970 1578 2023 cf.
1609 1968 1727 2015 Cael.
1752 1972 1830 2016 cel.

132 2035 159 2074 3
193 2044 227 2074 c.
265 2034 305 2073 1.
428 2028 638 2083 utrisque
669 2030 729 2072 rb
750 2028 867 2072 Gel.:
900 2027 1144 2083 utriusque
1183 2027 1281 2072 VB.
1411 2028 1737 2072 transvolandi
1768 2032 1828 2075 B.

132 2093 158 2132 3
173 2089 229 2157 U&
261 2086 678 2132 exdeconclusione
721 2087 771 2131 V.
949 2092 974 2130 6
1008 2086 1207 2142 clystere
1241 2086 1417 2130 acriore
1450 2088 1509 2131 rb
1532 2087 1626 2132 Gel.
1652 2087 1831 2144 (clistre

132 2190 271 2221 acore
304 2178 371 2233 b).
406 2176 604 2232 clystere
638 2175 802 2219 adrore
834 2177 932 2233 (sic)
966 2175 1019 2230 V,
1053 2174 1254 2219 clisteris
1287 2175 1451 2219 ardore
1483 2176 1541 2220 B.
1703 2177 1828 2234 cogi-

131 2250 234 2280 mus
268 2237 307 2289 b,
341 2235 550 2292 cogimur
580 2250 627 2279 r:
662 2248 881 2291 cogemus
914 2235 1008 2278 VB
1028 2234 1123 2279 Gel.
1249 2238 1304 2279 10
1328 2234 1692 2302 gargarismatio
1716 2236 1829 2293 Gal„

133 2270 340 2338 ——matia
380 2295 431 2350 V,
467 2293 679 2338 —macia
710 2295 775 2339 B:
809 2292 1151 2351 gargarismate
1183 2308 1221 2349 r,
1254 2293 1454 2337 —matis
1488 2295 1525 2338 b.
1642 2301 1688 2337 11
1725 2295 1827 2339 fau-

132 2354 255 2398 cium
288 2353 450 2397 solitas
477 2355 501 2398 b
527 2359 568 2399 et
593 2354 691 2410 (om.
725 2352 949 2409 faucium)
974 2367 1018 2397 r:
1052 2351 1260 2395 faucium
1285 2354 1384 2420 (om3
1418 2352 1599 2420 solitas)
1621 2354 1708 2398 VB
1729 2354 1827 2400 Get.

138 2418 190 2457 12
223 2415 256 2458 t.
289 2419 319 2456 1-1
350 2412 566 2457 novimus
598 2414 657 2457 B.
769 2416 822 2456 13
853 2411 931 2455 fici
964 2411 1076 2455 sicci
1116 2412 1167 2465 V,
1201 2412 1314 2455 ficus
1348 2411 1460 2456 sicci
1489 2427 1527 2468 r,
1558 2413 1673 2456 ficus
1707 2412 1829 2458 sicce

132 2474 226 2518 bB.
368 2485 376 2493 ·
414 2477 467 2515 14
504 2477 610 2529 post
641 2471 749 2516 omf.
784 2472 888 2516 add.
924 2472 949 2516 b
982 2472 1066 2514 aut
1105 2470 1249 2514 cimas
1287 2470 1394 2514 rubi
1429 2471 1705 2515 tenerrimas
1746 2473 1830 2516 aut

131 2530 247 2575 mali
277 2531 468 2588 granati
499 2532 668 2575 cortex.
818 2535 869 2574 16
903 2532 950 2574 61
989 2530 1063 2574 Vb
1083 2531 1202 2575 Gel.:
1236 2545 1318 2575 om.
1352 2531 1450 2575 rB.
1573 2531 1828 2575 andronius

135 2591 245 2645 Gel„
280 2590 501 2634 andronis
525 2606 569 2636 r:
604 2588 884 2634 andronicus
899 2591 1054 2646 (—cos
1089 2589 1150 2646 V)
1184 2589 1327 2634 VBb.
1418 2589 1694 2634 medicisrb
1716 2590 1828 2636 Get:

131 2649 312 2692 meritis
353 2650 453 2694 VB.
606 2649 895 2706 approbatur
934 2649 985 2694 V.
1133 2653 1186 2691 17
1219 2647 1297 2692 vel
1327 2650 1386 2693 rb
1406 2649 1525 2694 Gela
1560 2650 1642 2692 aut
1672 2650 1765 2694 rB.

134 2720 300 2751 careno
325 2710 451 2753 codd.
577 2708 725 2765 pinna
752 2709 926 2753 VGez.:
958 2720 1114 2764 penna
1130 2708 1208 2751 rB
1220 2708 1257 2752 b.
1412 2712 1465 2752 19
1492 2707 1708 2764 diphrige
1729 2709 1825 2753 Gel.

134 2765 382 2822 (defrigido
414 2768 511 2822 rb):
547 2767 763 2824 defi-argo
791 2767 897 2812 VB.
1005 2765 1244 2811 conbusto.
1280 2765 1532 2811 Combusto
1551 2768 1631 2823 (sic
1656 2768 1739 2824 bis)
1772 2767 1824 2812 V.

134 2829 187 2868 21
232 2824 517 2868 anteriorum
557 2827 648 2870 VB
664 2827 781 2871 Get:
827 2825 1035 2882 priorum
1075 2826 1319 2870 auctorum
1357 2827 1404 2882 b,
1452 2825 1750 2882 antiquorum
1787 2840 1828 2871 r.

135 2884 403 2940 com(con——
425 2883 724 2940 V)positione
756 2886 938 2930 rbVB:
972 2883 1256 2929 auctoritate
1292 2885 1387 2930 Gel.

1935 2050 1950 2144 5

1934 2260 1950 2465 ἰ
