1988 3184
667 147 750 189 EX
777 145 1251 191 PSEUDo-PLINIO.
1697 141 1803 196 357

116 293 218 336 que
247 278 392 324 tertia
423 281 472 324 et
501 279 671 335 quarta
703 278 780 323 die
810 276 1035 336 (facies).
1076 275 1183 320 istis
1224 289 1408 332 quoque
1442 273 1615 319 diebus
1647 289 1676 319 a
1707 287 1805 319 car-

30 372 33 374 -
100 338 265 389 11111113
297 346 346 390 εὴ
376 358 405 401 a
424 344 545 390 -vino
584 343 834 389 abstineat.
883 342 1048 399 quinta
1088 344 1246 387 autem
1285 341 1360 386 die
1397 340 1525 386 radis
1566 341 1611 385 ei
1649 343 1807 398 caput,

28 411 30 413 ’
115 410 468 456 medicamento
495 411 585 455 hoc
615 410 766 468 ungis.
800 409 988 454 acaciae
1010 418 1073 457 -ζ-
1093 408 1127 464 Ι,
1161 406 1381 451 aluminis
1413 407 1547 451 scissi
1571 420 1669 451 sem
1690 418 1750 455 —2-
1771 407 1807 463 I,

128 476 344 521 cimoliae
376 490 473 521 sem
494 487 555 525 ÷
577 477 620 532 1,
661 475 775 520 nitri
806 474 1100 520 alexandrini
1125 473 1154 518 S
1178 474 1220 530 Ι,
1250 487 1450 518 mannae
1479 473 1598 517 turis
1624 472 1806 520 3V1HI.

125 543 244 587 haec
289 542 403 587 teris
443 557 548 587 cum
585 545 720 587 aceto
758 555 906 598 usque
946 540 997 585 in
1037 539 1389 597 spissitudinem
1425 539 1599 596 mellis,
1647 541 1695 583 et
1741 538 1808 582 sic
1854 549 1875 583 5

6 599 42 660 ’,
127 622 273 666 unges
306 611 460 665 caput.
492 607 726 665 post-dies
757 610 916 652 autem
938 609 1034 652 tres
1057 607 1146 650 hoc
1169 605 1324 662 ipsum
1353 605 1512 650 facies.
1547 605 1614 649 sic
1645 617 1807 648 curare

128 689 266 719 nares
296 674 508 731 incipies.

3 811 14 864 -v
101 829 207 874 ..Ad
228 830 271 884 I,
296 832 353 872 14
379 832 476 885 (44)
501 829 577 873 De
610 827 773 871 fluxu
805 825 1105 882 sanguinis
1136 825 1358 869 narium
1380 827 1506 882 (post
1536 829 1808 879 meruerwnt,

315 896 397 939 ubi
426 896 524 940 alia
553 895 684 939 habet
714 895 756 950 b)
787 894 852 938 sic
882 907 907 936 r
940 894 981 946 (e
1012 893 1134 936 Med.
1168 892 1294 938 Ptin.
1320 892 1362 946 I,
1385 894 1609 947 26—28).

245 982 415 1026 Testae
446 995 638 1026 ovorum
668 980 792 1024 unde
822 979 943 1036 pulli
967 979 1278 1023 excluduntur
1301 977 1469 1021 leviter
1499 978 1654 1020 tostae
1687 977 1735 1019 et
1758 975 1808 1018 in
1834 989 1876 1020 1ο

126 1047 366 1104 pulverem
410 1047 630 1091 redactae
675 1059 759 1102 per
804 1045 1011 1089 fistulam
1047 1044 1240 1088 naribus
1278 1042 1599 1098 insufflantur,
1646 1040 1808 1084 statim

128 1113 404 1170 sanguinem
436 1112 574 1157 sistit.
607 1111 723 1156 item
747 1111 992 1168 spongiam
1019 1110 1222 1154 cinerem
1252 1108 1368 1152 facis
1402 1111 1450 1152 et
1479 1108 1530 1150 in
1561 1107 1665 1163 ipsa
1696 1119 1808 1150 nare

126 1179 298 1235 mittis,
339 1181 388 1223 et
424 1178 680 1234 restringit.
720 1177 836 1221 item
865 1177 1026 1220 fimum
1065 1174 1287 1231 equinum
1326 1187 1431 1217 011111
1462 1174 1596 1217 aceto
1628 1172 1810 1230 (teris)

128 1247 176 1290 et
207 1244 426 1302 adiungis
457 1245 530 1287 his
561 1243 714 1300 picem
744 1242 975 1299 virginem
1003 1242 1180 1286 tritam.
1222 1241 1348 1296 quod
1378 1240 1534 1284 uniter
1565 1239 1812 1283 subactum

127 1310 272 1355 fronti
302 1310 413 1355 linis
446 1313 494 1355 et
524 1309 644 1355 00110
678 1310 739 1352 ad
770 1308 997 1352 cervicem
1027 1308 1175 1364 ponis.
1208 1321 1316 1351 mox
1348 1306 1630 1350 clauduntur
1660 1318 1807 1349 venae
1833 1317 1876 1350 15

127 1377 337 1421 fluentes

246 1449 362 1494 item
408 1449 477 1492 ad
523 1447 986 1492 destillationem
1029 1446 1251 1490 narium
1297 1459 1361 1489 ex
1413 1458 1613 1488 umore.
1671 1443 1810 1487 ocimi

130 1529 287 1560 semen
324 1514 491 1558 tritum
528 1514 720 1558 naribus
759 1511 1419 1570 immissumfidestillationem
1449 1510 1655 1565 inhibet,
1696 1511 1810 1552 ster-

126 1583 403 1626 numentum
447 1581 575 1625 facit.
624 1580 739 1624 item
783 1578 910 1636 porri
957 1578 1155 1634 capitati
1199 1577 1316 1621 folia
1363 1577 1506 1620 cruda
1553 1576 1651 1620 sine
1689 1589 1810 1632 pane

131 1649 344 1692 eduntur.
377 1646 492 1691 item
523 1646 666 1690 aliud.
702 1645 856 1689 oleum
887 1644 1094 1688 calidum
1125 1643 1254 1688 eunti
1279 1643 1531 1687 dormitum
1553 1641 1810 1698 (cerebro)
1835 1661 1878 1692 20

129 1713 352 1769 infundis,
386 1715 433 1757 et
464 1712 514 1755 in
543 1725 679 1755 nares
710 1711 929 1755 mittitur.

249 1787 319 1830 ad
351 1785 687 1842 sanguinem
711 1784 775 1827 de
804 1783 1039 1843 narib1us
1066 1783 1398 1827 eiciendum.
1432 1783 1631 1838 nepetae
1650 1795 1810 1824 sucum

130 1853 322 1898 naribus
356 1851 521 1908 supino
552 1850 803 1894 infundito.

131 2037 274 2082 tertia
300 2037 375 2081 die
399 2039 447 2081 et
471 2037 638 2092 quarta
662 2033 806 2077 facies
828 2033 883 2088 P,
914 2033 1002 2076 1100
1028 2034 1076 2076 et
1097 2034 1169 2076 ter
1193 2034 1241 2076 et
1264 2033 1430 2087 quarto
1455 2030 1599 2075 facies
1624 2030 1809 2075 Bamb.:

133 2099 180 2141 et
210 2097 299 2140 hoc
329 2093 648 2151 usque'tertio
682 2095 729 2136 et
761 2094 930 2147 quartu
963 2090 1038 2134 die
1062 2106 1099 2136 r.

250 2173 276 2212 2
310 2167 583 2212 abstineant
612 2182 649 2211 r.
877 2169 902 2207 3
929 2158 993 2208 m.
1025 2165 1070 2208 h.
1104 2178 1249 2221 unges
1284 2166 1386 2220 (sic)
1419 2179 1464 2209 r:
1497 2166 1545 2207 et
1576 2162 1714 2219 ungis
1747 2162 1810 2205 ad

132 2229 178 2284 (a
209 2229 269 2284 P)
300 2227 458 2270 media
489 2225 642 2269 fronte
673 2226 828 2268 totum
858 2225 999 2279 caput
1028 2238 1088 2267 m.
1120 2224 1209 2267 hoc
1241 2223 1522 2278 P(Bamb.).
1659 2225 1685 2263 3
1718 2222 1809 2277 (27)

47 2323 51 2325 .
130 2286 267 2344 ungis
284 2287 463 2341 Bamb„
488 2297 628 2340 —ges
645 2298 681 2327 r.
779 2282 880 2325 41⁸6.
906 2285 965 2336 ἢ
991 2284 1093 2337 (sic)
1119 2297 1156 2337 r,
1189 2289 1218 2333 ς
1241 2282 1403 2326 Bamb.
1497 2280 1539 2325 S.
1557 2284 1616 2334 ‚X
1635 2280 1752 2334 (hie)
1771 2293 1810 2322 r.

133 2348 158 2387 5
190 2358 337 2400 usque
370 2344 432 2387 ad
463 2344 525 2388 P:
557 2342 608 2385 in
641 2341 826 2397 (simpl.)
860 2355 896 2384 r.
991 2339 1056 2383 sic
1086 2354 1170 2384 om.
1203 2340 1256 2384 P.
1350 2345 1376 2383 6
1409 2341 1456 2383 et
1485 2354 1529 2395 p.
1557 2339 1601 2382 d.
1632 2339 1728 2382 tres
1754 2337 1808 2381 P.

127 2406 159 2449 h
191 2404 298 2447 idsii
331 2404 434 2458 (sic)
467 2417 493 2446 r
524 2401 629 2458 (hoc
659 2399 813 2455 ipsum
844 2399 918 2454 P).
1071 2403 1096 2441 7
1126 2412 1288 2442 narem
1317 2412 1353 2442 r.
1492 2401 1547 2440 10
1579 2398 1627 2440 et
1657 2409 1740 2439 om.
1772 2410 1809 2440 r.

134 2467 189 2506 12
222 2459 463 2518 sanguinis
494 2475 531 2504 r.
673 2457 846 2501 sistunt
876 2457 930 2500 P.
1053 2457 1276 2513 spongiae
1308 2456 1579 2499 combustae
1611 2453 1813 2498 cinerem

131 2521 182 2566 in
213 2527 288 2565 etc.
323 2520 377 2564 P.
499 2522 554 2560 13
585 2517 693 2560 fimo
726 2514 895 2571 equino
925 2530 951 2560 r
976 2516 1196 2571 (Bamb).
1333 2514 1468 2559 teris:
1501 2513 1615 2558 trito
1646 2513 1809 2557 Bamb.

135 2583 236 2635 (om.
269 2582 328 2634 r).
458 2578 506 2620 et
537 2574 755 2631 adiungis
786 2589 812 2618 r
843 2573 1015 2630 (iungis
1045 2575 1191 2630 simpl.
1224 2574 1418 2630 Bamb.).
1571 2575 1627 2614 14
1657 2570 1814 2614 uniter

132 2638 380 2681 subactum
403 2636 566 2679 Bamb.
592 2636 730 2691 (teres
762 2634 816 2676 ut
844 2646 989 2675 unum
1020 2646 1185 2689 corpus
1208 2631 1293 2675 fiat
1305 2632 1387 2688 P):
1419 2631 1542 2675 inter
1572 2630 1750 2674 iactum
1772 2644 1810 2674 r.

134 2701 190 2740 25
222 2695 343 2739 00110
377 2708 405 2737 a
436 2692 607 2737 cervici
637 2692 802 2736 Bamb.
835 2690 902 2747 (in
932 2690 1105 2734 collum
1136 2704 1190 2734 ac
1222 2689 1448 2735 cervicem
1479 2690 1553 2746 P).
1646 2692 1701 2733 17
1719 2689 1811 2745 (18)

135 2752 496 2798 distillationem
523 2767 560 2796 r.
594 2751 650 2806 cf.
684 2751 759 2794 Ps.
786 2749 909 2794 Ptin.
936 2754 979 2804 1,
1003 2754 1060 2793 11
1093 2749 1222 2806 Lips.
1307 2749 1500 2792 humore
1523 2748 1604 2793 rP.
1688 2748 1812 2791 ster-

133 2813 407 2856 numentum
437 2826 475 2866 r,
508 2808 860 2853 —nutationem
889 2808 944 2853 P.
1067 2812 1121 2852 19
1154 2807 1353 2864 capitati
1384 2807 1446 2852 P:
1479 2805 1625 2863 capiti
1653 2821 1691 2851 r.
1889 2807 1893 2811 ’

135 2875 193 2914 20
231 2870 415 2915 00101010
454 2869 617 2914 Bamb.
651 2867 838 2921 (crebro
870 2866 957 2923 P),
999 2865 1051 2910 in
1089 2866 1328 2910 cerebrum
1357 2866 1509 2911 Marc.
1535 2880 1584 2922 p.
1618 2867 1728 2920 113,
1760 2867 1810 2910 9:

13 2949 18 2959 ’
107 2953 110 2956 ’
136 2943 219 2976 om.
251 2944 289 2975 r.
411 2932 465 2972 21
498 2925 762 2971 infunditur
792 2925 838 2968 P
866 2925 1072 2981 (Marc).
1203 2930 1258 2982 22
1289 2926 1379 2970 vid.
1410 2925 1457 2969 P
1475 2925 1517 2980 I,
1546 2926 1621 2969 27.
