1988 3184
225 137 336 190 294
807 125 1382 177 PSEUDo-THEODORI

341 269 418 313 De
442 268 588 312 luxu.
628 265 874 323 porcinum
896 264 1057 308 fimum
1081 277 1162 308 seu
1185 263 1440 309 vitulinum
1462 262 1737 321 impositum
1760 266 1911 310 sanat.

227 334 469 392 caprinum
505 333 665 377 fimum
705 345 811 376 cum
847 330 986 375 melle
1027 329 1332 375 commixtum
1365 329 1492 374 idem
1528 328 1657 374 facit.
1705 328 1799 374 lilii
1836 329 1914 374 vel

223 399 496 456 heliotropii
526 399 701 443 herbae
731 396 849 441 folia
879 399 1021 441 tunsa
1060 398 1108 441 et
1146 395 1369 453 imposita
1401 395 1655 441 efficaciter
1684 396 1914 455 (luxum)

226 469 407 511 sanant.
462 468 693 510 tumorem
732 464 790 508 de
828 463 943 507 luxu
988 461 1124 506 bulbi
1163 461 1269 507 triti
1309 464 1356 506 et
1394 461 1605 519 impositi
1644 461 1744 507 sine
1782 475 1914 507 mora
1968 505 1971 507 .

179 545 199 577 5
227 532 481 577 discutient
511 534 560 575 et
590 531 752 574 luxum
784 529 1033 574 sanabunt.
1967 529 1971 532 ’

354 651 432 695 Ad
454 651 496 705 I,
521 652 582 693 32
607 651 712 704 (88)
748 648 812 692 (10
843 647 1226 704 pernionibus
1258 648 1434 705 (XLIII.
1460 653 1566 704 post
1597 650 1762 702 curat).

339 718 401 761 Et
447 730 571 773 aqua
615 715 699 759 ubi
739 715 961 759 decoctae
1002 716 1111 758 sunt
1156 729 1300 773 rapae
1348 713 1536 759 assidue
1582 714 1912 759 fomententur.
1978 728 1988 765 1

225 787 273 829 01
311 783 501 829 033ἃο01
538 796 678 839 rapas
724 781 863 826 tritas
904 794 1186 856 superpone,
1233 780 1481 839 perniones
1521 783 1699 825 curant.
1756 780 1913 826 dentis
1979 796 1988 833 1

225 850 333 907 equi
379 849 611 894 combusti
653 848 809 906 pulvis
853 848 1089 892 immissus
1124 850 1172 892 et
1212 848 1411 905 desuper
1452 847 1652 892 fasciola
1692 846 1818 891 linea
1856 846 1914 890 11-

154 927 197 957 10
221 920 360 975 gatus
406 918 555 960 sanat.
610 915 822 959 brassica
868 915 984 959 trita
1023 918 1071 959 et
1119 914 1343 972 imposita
1387 914 1636 971 perniones
1675 927 1731 958 ac
1769 913 1913 970 pedes

221 986 382 1041 ruptos
414 984 562 1027 sanat.
614 981 796 1039 caprini
820 995 962 1026 cornu
987 980 1220 1026 combusti
1252 981 1369 1025 cinis
1387 981 1512 1038 (ex)
1529 981 1632 1025 oleo
1664 979 1912 1037 impositus
1983 1003 1988 1035 5

227 1052 375 1094 sanat.
423 1049 583 1091 fimum
613 1047 922 1105 gallinacium
951 1048 1027 1093 vel
1058 1047 1386 1104 palumbinum
1417 1047 1520 1091 oleo
1551 1046 1718 1091 tritum
1749 1049 1797 1091 et
1828 1046 1913 1091 im-
1982 1048 1988 1102 f

222 1116 429 1173 positum
466 1114 714 1172 perniones
752 1117 896 1160 curat.
952 1114 1070 1158 muli
1108 1114 1246 1159 urina
1285 1128 1391 1157 cum
1430 1128 1513 1157 suo
1551 1113 1651 1158 luto
1691 1113 1913 1170 imposita

222 1182 366 1226 callos
405 1182 679 1239 plerumque
718 1181 768 1225 in
808 1181 972 1239 digitis
1011 1181 1199 1225 innatos
1241 1182 1391 1223 sanat.
1455 1182 1593 1236 gutta
1632 1179 1913 1223 ammoniaci

154 1258 196 1290 15
220 1263 303 1306 per
335 1248 434 1292 dies
466 1248 551 1291 VII
582 1247 804 1305 imposita
838 1249 987 1293 sanat.
1029 1246 1177 1291 alium
1206 1246 1373 1291 tritum
1397 1249 1445 1290 et
1470 1245 1743 1303 impositum
1767 1245 1911 1290 callos
1986 1273 1988 1275 ·

222 1315 411 1359 innatos
444 1317 588 1359 curat.

220 1433 298 1479 Ad
320 1435 362 1489 Ι,
388 1438 445 1478 34
473 1437 571 1489 (91)
608 1433 672 1477 de
703 1431 1028 1490 panariciis
1062 1434 1116 1476 et
1155 1431 1442 1488 unguibus
1482 1430 1669 1488 ruptis
1703 1433 1912 1475 01303-

530 1498 715 1543 biosis
748 1498 944 1562 (XLIIII.
972 1504 1080 1555 post
1109 1498 1371 1555 gubernare
1404 1500 1618 1555 oportet).

337 1575 391 1617 In
445 1573 600 1617 calida
642 1575 872 1629 quantum
923 1574 1059 1628 potes
1098 1572 1240 1629 ferre,
1284 1572 1355 1617 113
1394 1574 1447 1616 01,
1493 1572 1675 1616 modice
1726 1573 1911 1628 adurat,

154 1650 197 1681 20
223 1641 364 1685 tertio
388 1639 684 1696 panaricium
706 1638 857 1695 mitte,
891 1638 1083 1684 sanasti.
1132 1653 1273 1683 nuces
1298 1637 1516 1683 raucidas
1542 1653 1648 1682 cum
1671 1651 1778 1682 0013
1802 1639 1912 1683 alba

222 1706 465 1764 1130311010
497 1705 749 1763 imponito,
790 1704 960 1748 mirum
992 1708 1074 1750 est.
1128 1719 1237 1750 mox
1267 1708 1320 1750 ut
1358 1706 1582 1750 balneum
1618 1705 1911 1763 ingredieris,

223 1775 333 1817 31110
365 1787 507 1828 quam
539 1772 691 1828 sudes,
722 1770 1019 1828 panaricium
1041 1772 1092 1815 10
1123 1772 1241 1816 30110
1267 1772 1450 1817 0310010
1474 1772 1703 1830 intingue,
1738 1771 1911 1828 diuque

222 1838 400 1883 ibidem
430 1841 604 1883 teneto.
651 1838 805 1895 picem
837 1838 877 1882 31
909 1853 1015 1882 00111
1039 1841 1173 1882 30010
1200 1853 1372 1895 coquas
1398 1841 1445 1883 et
1469 1839 1698 1895 imponas,
1731 1852 1910 1896 ungues

224 1905 460 1950 scabiosas
509 1906 727 1962 extirpas.
792 1920 972 1962 ungues
1027 1906 1146 1950 bene
1194 1908 1465 1962 nascentur,
1515 1905 1555 1949 si
1602 1906 1912 1950 sandaracam

154 1980 197 2012 25
224 1972 619 2028 auripigmentum
657 1971 862 2016 resinam
899 1972 1271 2016 terebinthinam
1308 1971 1459 2015 unciis
1509 1971 1706 2028 singulis
1755 1971 1912 2027 omnia

220 2038 335 2082 trita
382 2038 683 2082 commisceas
732 2040 780 2082 et
826 2037 1053 2095 imponas.
1115 2037 1303 2094 adipem
1349 2037 1593 2095 caprinum
1640 2037 1791 2082 solum
1836 2038 1913 2083 vel

222 2117 328 2147 cum
359 2105 618 2149 sandaraca
646 2105 846 2149 mixtum
878 2107 925 2149 et
957 2104 1231 2161 impositum
1262 2118 1478 2162 ungues
1511 2106 1709 2161 ruptos
1742 2104 1800 2148 id
1825 2108 1911 2150 est

223 2170 518 2215 scabiosos
553 2185 719 2216 sanare
751 2174 931 2216 certum
963 2174 1045 2216 est.

340 2351 363 2390 1
395 2347 465 2391 De
497 2347 609 2391 luxu
639 2351 765 2394 rubr.
798 2350 903 2394 add.
937 2364 959 2393 c
986 2352 1087 2404 (om.
1123 2350 1147 2393 b
1180 2350 1233 2393 in
1263 2349 1412 2404 spatio
1443 2351 1618 2403 uacuo).
1744 2353 1769 2390 3
1795 2347 1910 2392 elio-

218 2404 371 2464 tropie
406 2408 445 2450 b.
569 2410 764 2451 contusa
798 2409 898 2461 (ubi
928 2409 1057 2462 infra
1088 2411 1201 2464 rep.)
1228 2409 1267 2452 b.
1360 2406 1523 2450 luxum
1553 2408 1604 2451 in
1633 2408 1818 2463 repetito
1850 2408 1913 2452 ad

220 2464 263 2518 I,
288 2467 348 2508 97
382 2465 549 2509 eodem
579 2466 682 2510 loco
715 2468 820 2511 add.
849 2469 886 2511 b.
1031 2472 1060 2510 4
1093 2467 1230 2510 sanat
1256 2468 1328 2521 (ut
1357 2467 1483 2521 solet)
1511 2467 1548 2510 b.
1682 2466 1719 2508 Τ
1751 2470 1910 2509 umore

222 2525 324 2577 (pro
355 2525 500 2578 rubr.)
536 2526 560 2569 b
596 2526 720 2580 (item
751 2527 879 2580 infra
912 2527 972 2580 b).
1077 2527 1126 2570 et
1156 2524 1334 2582 {posita
1367 2526 1392 2569 b
1427 2526 1605 2581 (contra
1635 2525 1764 2580 infra
1795 2523 1910 2568 trita

223 2582 270 2623 01
294 2580 504 2637 impositi
529 2585 583 2637 b).
679 2588 704 2627 5
731 2583 990 2628 discutiunt
1016 2585 1185 2640 (infra)
1220 2586 1258 2629 b.
1352 2585 1400 2627 et
1423 2583 1453 2627 l.
1480 2597 1578 2627 san.
1603 2584 1734 2638 infra
1760 2597 1842 2627 om.
1870 2585 1907 2628 b.

221 2652 305 2694 seq.
345 2641 572 2686 Theodori
603 2657 702 2699 cap.
736 2645 789 2687 de
814 2644 1129 2699 pernionibus.
1240 2649 1263 2688 7
1296 2656 1442 2699 rappe
1475 2644 1500 2687 b
1637 2646 1663 2686 8
1698 2643 1822 2696 (item
1852 2645 1910 2687 13
1984 2677 1988 2702 3

221 2702 287 2740 etc
291 2701 322 2751 )
350 2712 626 2754 pregmones
659 2703 696 2745 b.
850 2706 875 2744 9
908 2701 1104 2746 fasciolo
1137 2702 1264 2746 linea
1296 2703 1335 2747 b.
1504 2705 1557 2744 11
1590 2700 1719 2745 corni
1751 2701 1789 2746 b.
1986 2719 1988 2759 j

224 2753 326 2797 oleo
343 2759 447 2806 (sic)
464 2758 501 2800 b.
520 2759 625 2802 add.
645 2773 701 2802 ex
723 2761 792 2804 vel
816 2774 921 2803 cum
939 2762 1015 2815 (cf.
1039 2764 1192 2815 v.12).
1281 2764 1335 2804 15
1351 2761 1425 2822 de
1442 2759 1527 2803 VII
1543 2761 1580 2804 b.
1673 2758 1851 2803 Allium
1868 2761 1907 2804 b.
1986 2780 1988 2782 ·

225 2816 281 2854 20
312 2813 528 2858 raucidas
561 2818 600 2860 b.
705 2822 759 2860 21
785 2820 940 2874 ipoltfi
965 2819 1272 2876 (impositum)
1295 2821 1343 2886 P
1435 2818 1713 2875 ingredieris
1740 2820 1842 2874 (sic)
1869 2819 1907 2863 b.
1978 2862 1980 2864 ,

226 2874 283 2912 24
322 2871 588 2916 sacabiosas
633 2875 835 2940 extirpes
869 2879 907 2921 b.
1104 2883 1159 2923 25
1199 2877 1350 2922 000113
1395 2876 1614 2934 singulis:
1657 2891 1748 2921 ana
1779 2888 1839 2909 —·-
1869 2879 1907 2922 b.
1980 2927 1981 2931 ,

226 2932 281 2970 26
314 2928 501 2986 (31..)
536 2932 733 2993 comich
767 2937 814 2978 et
844 2940 985 2991 ipone
1019 2937 1057 2981 b.
