1988 3184
621 129 737 172 ‘DE
769 130 1031 174 snffmci
1059 131 1370 174 MEmcmA.
1737 129 1848 182 413

166 259 375 310 medium
404 263 490 307 est.
530 261 572 306 si
608 262 744 306 cocta
782 260 834 304 in
869 260 979 306 vino
1019 261 1196 306 austeri
1237 261 1381 306 fuerit
1416 260 1468 307 in
1496 261 1690 319 potione
1722 262 1849 318 data,

169 326 346 373 fluxum
374 325 551 372 ventris
583 326 805 372 continet.

0 386 25 452 ἐξ
82 397 138 437 70
172 428 174 430 ,
285 392 464 438 Isatis
510 407 604 449 qua
647 393 874 438 tinctores
911 394 1127 449 utuntur,
1174 393 1399 439 virtutem
1442 393 1640 439 nimium
1678 393 1853 439 siccam

13 458 22 475 '¹
168 459 327 504 habet.
369 461 417 503 et
453 458 649 504 vulnera
688 458 952 503 consolidat
983 461 1031 503 et
1060 458 1236 503 fluxum
1275 459 1517 517 sanguinis
1557 459 1850 517 constringit.

1 532 5 556 ῑ
82 530 135 570 71
169 561 178 578 2
286 525 570 570 Hordeum
599 525 824 570 virtutem
853 524 1001 569 habet
1032 525 1205 570 siccam
1243 529 1291 571 et
1327 526 1563 584 frigidam.
1603 525 1709 584 plus
1740 540 1851 571 vero
1896 541 1918 574 5

167 591 363 649 polenta
393 591 637 636 sicciorem
666 591 824 636 habet.

1 656 5 659 “
81 662 136 702 72
275 658 473 703 >Herba
505 657 728 702 siniaca
758 657 984 702 virtutem
1013 658 1160 702 habet
1189 657 1426 715 frigidam.

81 728 136 768 73
286 724 397 768 Iris
434 723 660 769 virtutem
696 724 843 769 habet
881 723 1086 775 calidam
1122 724 1423 768 mediocriter
1461 726 1510 769 et
1543 726 1854 782 temperatam

169 804 226 835 cx
257 789 434 835 austeri
465 791 514 834 et
538 789 677 834 dulci.
711 792 784 834 est
813 792 973 835 tamen
997 789 1148 835 siccae
1172 790 1376 847 virtutiS,
1410 793 1457 835 et
1488 794 1622 835 curat
1643 791 1852 848 vulnera,

115 886 118 889 -
174 858 223 900 et
253 855 634 900 constrictionem
663 856 867 912 pectoris
900 856 1042 901 solvit
1072 859 1121 900 et
1152 859 1297 902 curat.
1879 872 1921 903 ιο

0 940 29 958 ¹·
59 923 137 966 ’74
284 921 519 971 Ibiscos
538 921 590 964 id
621 923 694 966 est
725 921 929 978 althaea,
962 936 1083 978 quae
1107 925 1179 967 est
1201 923 1359 966 malva
1383 924 1598 980 agrestis,
1630 924 1855 969 virtutem

168 987 315 1032 habet
345 987 645 1032 malacticam
669 989 716 1031 et
748 987 1085 1032 diaforeticam.
1121 988 1322 1044 denique
1355 992 1402 1034 et
1434 990 1684 1035 duritias
1716 991 1853 1036 mol-

167 1053 261 1111 lit,
296 1053 343 1097 si
375 1053 551 1098 etiam
580 1056 808 1098 tunsam
838 1068 960 1098 cum
991 1054 1241 1111 axungia
1272 1055 1630 1112 imposueris.

81 1124 137 1165 75
286 1121 374 1165 Iso
384 1135 574 1177 pyrum
603 1119 655 1164 id
686 1122 757 1164 est
788 1120 1010 1164 fasiolum
1033 1134 1191 1164 semen
1220 1121 1445 1166 virtutem
1466 1122 1613 1166 habet
1643 1122 1853 1177 mixtam,

171 1186 346 1231 etenim
384 1200 594 1230 amaram
624 1188 672 1230 et
710 1189 956 1230 austerem.
999 1186 1200 1243 denique
1240 1187 1413 1244 spissos
1452 1202 1635 1233 umores
1676 1189 1856 1246 spargit
1880 1201 1922 1234 15

169 1251 246 1296 vel
275 1254 470 1309 resecat,
501 1253 777 1309 praecordia
808 1267 993 1309 quoque
1023 1256 1216 1310 purgat,
1256 1253 1374 1298 facit
1405 1256 1453 1298 et
1485 1254 1547 1299 ad
1578 1255 1856 1311 sanguinem

171 1318 418 1364 iactantes.

27 1412 30 1415 ·
84 1389 139 1429 76
288 1384 476 1428 Herba
515 1384 572 1427 iu
602 1384 828 1429 virtutem
863 1385 1010 1429 habet
1047 1385 1272 1442 frigidam
1311 1388 1359 1429 et
1398 1388 1644 1431 umectam.
1686 1387 1856 1431 deinde

171 1450 288 1494 folia
320 1449 468 1507 ipsius
501 1452 696 1494 contusa
736 1453 941 1495 tumores
981 1451 1063 1506 qui
1101 1465 1159 1495 ex
1188 1452 1368 1496 fervore
1406 1455 1663 1496 nascuntur
1694 1467 1855 1497 conso-

170 1517 350 1573 lantur,
389 1516 440 1560 id
479 1519 550 1561 est
589 1519 672 1561 aut
711 1516 896 1574 singula
934 1517 1157 1574 imposita
1197 1525 1279 1561 aut
1311 1519 1435 1561 certe
1467 1518 1719 1563 commixta
1751 1533 1857 1563 cum
1882 1531 1923 1563 20

172 1583 376 1640 polenta.

292 1742 317 1780 3
358 1737 515 1782 Simon
559 1751 593 1782 s.
643 1737 835 1793 Hysatis
884 1737 1056 1780 dicitur
1108 1738 1254 1781 rubea
1299 1738 1554 1782 tinctorum
1602 1739 1857 1783 secundum

174 1796 317 1840 Theo.
349 1795 541 1840 Priscia.
576 1795 698 1839 libro
732 1796 788 1839 de
822 1795 1024 1852 simplici
1054 1796 1302 1841 medicina.

293 1859 349 1897 14
381 1855 539 1900 Simon
575 1869 608 1899 s.
648 1845 940 1910 Hysoperide
991 1855 1200 1898 fasilium
1239 1869 1396 1899 semen
1441 1855 1666 1899 virtutem
1711 1855 1858 1900 habet

173 1914 371 1958 mixtam
411 1915 482 1957 est
521 1913 646 1957 enim
685 1927 897 1957 amarum
929 1915 976 1957 et
1009 1916 1194 1958 austere
1226 1917 1313 1959 etc,
1347 1914 1487 1960 Theo,
1519 1914 1611 1959 Pri.
1645 1914 1765 1959 libro
1800 1915 1856 1958 de

176 1972 379 2029 simplici
409 1971 657 2017 medicina.

295 2137 318 2175 1
352 2132 593 2189 potionem
613 2132 667 2177 G.
760 2138 786 2175 3
811 2133 879 2176 De
903 2132 1072 2177 hisitis.
1104 2132 1271 2177 Hisitis
1297 2133 1431 2189 quati
1452 2135 1661 2178 tontores
1682 2135 1782 2190 (sic)
1803 2134 1857 2179 G.

178 2197 207 2235 4
238 2191 484 2235 consoldat
519 2191 573 2235 G.
655 2198 659 2202 ”
727 2195 752 2234 5
784 2191 852 2234 De
885 2191 1125 2235 hordeum.
1155 2191 1368 2236 Hordeus
1405 2192 1460 2236 G.
1583 2197 1636 2235 ’6
1668 2192 1860 2248 polenta

177 2249 252 2306 (τὰ
284 2248 324 2293 δ’
332 2249 505 2306 ἄλφιτα
534 2250 652 2293 πολὺ
677 2250 758 2293 καὶ
789 2257 882 2294 τῶν
906 2253 1086 2306 κριθῶν
1111 2251 1482 2306 ξηραντικώτεροι
1509 2251 1612 2296 Gal.
1632 2252 1752 2305 XII,
1770 2253 1858 2307 45).

181 2313 205 2352 7
237 2309 306 2352 De
337 2308 485 2352 herba
516 2307 709 2352 siniaca.
742 2308 900 2352 Herba
933 2308 1111 2352 siniaca
1145 2310 1248 2366 (sic)
1287 2309 1412 2366 G(‘?).
1572 2315 1598 2353 8
1630 2309 1699 2353 De
1730 2309 1859 2355 hiris.

175 2396 317 2452 Hyris
353 2396 396 2440 G
429 2397 566 2451 (deest
599 2396 702 2440 aaz.
736 2402 778 2440 et
818 2397 977 2451 oria).
1206 2401 1259 2440 11
1293 2396 1362 2440 De
1392 2379 1565 2453 1b1⁸coss
1600 2398 1779 2452 (deinde
1810 2399 1863 2442 m

175 2458 284 2512 ras)
317 2454 522 2498 Ibiscose
553 2453 604 2497 id
636 2457 707 2498 est
739 2454 867 2499 altea
902 2455 962 2499 Ge
997 2451 1195 2514 (ἐβίσκος
1225 2453 1253 2510 ἢ
1287 2456 1468 2499 ἀλθαιά
1502 2443 1637 2513 G'al.).
1734 2456 1862 2500 mala

177 2515 364 2571 agreste
386 2513 441 2557 G.
535 2517 589 2556 12
616 2513 933 2557 diafor&icam
952 2503 1076 2569 (hicj
1101 2514 1154 2558 G.
1249 2518 1304 2557 13
1328 2516 1469 2558 tunsa
1489 2514 1544 2559 G.
1629 2515 1862 2571 acxungia

177 2572 273 2629 inp.
310 2573 353 2616 G
386 2573 462 2627 (cf.
497 2572 572 2616 Ps.
606 2572 747 2628 Apul.
774 2575 868 2627 39).
1033 2577 1089 2616 14
1119 2573 1188 2616 De
1219 2572 1365 2629 isop0.
1397 2573 1533 2629 Isopo
1565 2573 1862 2618 neuasilinon

179 2644 337 2675 semen
370 2630 426 2675 G.
547 2630 723 2674 virtute
753 2630 888 2674 hab&
923 2630 978 2676 G.
1100 2635 1155 2675 15
1188 2634 1423 2676 austeram
1451 2633 1494 2677 G
1524 2634 1727 2689 (austere
1751 2632 1860 2678 Sim.

178 2691 234 2745 cf.
267 2703 411 2746 supra
442 2691 514 2733 37.
548 2693 621 2734 61.
656 2694 729 2735 69.
763 2691 852 2746 73).
990 2689 1219 2748 [e]spissis
1250 2690 1466 2735 humores
1499 2691 1748 2749 [e]spargit
1775 2692 1859 2742 Ge.

180 2753 235 2792 16
259 2747 553 2804 precordiam
588 2748 642 2792 G.
757 2753 812 2792 17
844 2748 1087 2792 lactantaes
1123 2749 1178 2795 G.
1280 2753 1335 2794 18
1365 2749 1435 2794 De
1466 2749 1673 2796 herbam.
1705 2751 1862 2795 Herba

176 2806 361 2851 virtute*
385 2812 464 2852 etc.
500 2806 544 2851 G
568 2808 645 2862 (cf.
678 2808 731 2851 Iu
762 2806 792 2851 i.
825 2806 952 2851 viola
988 2808 1147 2863 Oria).
1400 2813 1454 2852 19
1486 2809 1786 2854 consolantur
1819 2810 1863 2854 G

176 2866 459 2969 {nagnygost
484 2865 619 2923 Gal.)
741 2870 798 2910 20
830 2864 1038 2922 inposita
1072 2867 1127 2912 G.
1242 2866 1479 2912 conmixta
1513 2868 1568 2914 G.
1682 2863 1744 2917 '21
1778 2883 1862 2926 pu-

197 2937 255 2968 en
278 2938 307 2968 a
387 2957 395 2968 .
