1950 3172
1598 147 1776 200 'XV

131 300 139 315 '¹
169 293 239 367 (p.
259 293 511 364 128-,-29
541 298 612 361 sic
631 291 856 365 (Vindob.
875 297 904 346 f.
927 295 982 347 7²
997 316 1067 350 =

165 363 366 422 Vindoc.
385 372 414 421 f.
433 365 596 439 57³2)
620 409 707 438 ,,...
733 373 785 420 111
810 386 935 436 aqua
959 370 1068 420 diu-

17 443 20 446 ’
73 502 76 503 ⁷
167 448 322 496 retica
339 445 567 495 omnibus
583 444 779 494 muniti]
794 450 856 494 te.
878 444 1071 494 Interea
1085 488 1100 498 „

168 520 276 569 volo
317 520 471 581 amice
510 517 624 569 kffi
665 518 747 583 φῖ
769 558 779 568 .
798 558 808 568 .
828 515 871 568 .“

147 646 148 649 ¹
240 608 480 658 Prisciani
496 613 662 656 tamen
685 622 839 671 pauca
858 607 1096 672 quaedam
1121 605 1316 656 aliunde
1342 607 1489 655 etiam
1507 605 1776 668 sumpsisse

95 682 381 747 Garipotum
413 680 676 744 singularis
709 681 1016 745 quorundam
1048 680 1219 729 Galeni
1254 679 1496 729 librorum
1527 680 1651 728 ratio
1681 678 1776 726 do-

94 762 184 825 cet.
223 769 337 808 nam
377 754 530 803 codex
568 753 704 802 Leid.
735 754 870 804 Voss.
912 753 990 802 lat.
1031 754 1111 803 fol.
1138 751 1209 804 85
1242 748 1513 822 (s.X1sX11
1551 754 1603 801 in
1640 751 1777 800 Italia

95 830 308 894 scriptus
353 833 401 877 et
439 827 715 877 litterarum
746 827 1203 892 langobardicarum
1245 827 1452 876 subinde
1491 827 1779 875 memoriam

91 895 356 970 prodens),
411 903 496 965 qui
548 917 680 957 nunc
732 901 936 953 mutilus
975 897 1049 950 24
1094 901 1323 950 foliorum
1370 901 1420 949 id
1461 906 1536 949 est
1582 905 1778 968 quater-

91 979 297 1027 nionum
349 977 501 1024 trium
539 974 820 1025 VIIII-em
867 970 943 1043 (in
991 975 1164 1024 eodem
1213 974 1459 1023 volumine
1499 989 1632 1022 nunc
1686 972 1779 1021 alia

25 1088 28 1091 -
94 1067 130 1100 8.
162 1050 251 1099 XII
290 1055 340 1098 et
368 1048 411 1098 X
442 1048 685 1098 habentur
717 1049 903 1098 adnexa
935 1050 964 1098 f.
991 1043 1250 1116 25—67)‚
1292 1048 1495 1097 secundi
1535 1047 1594 1096 ad
1635 1045 1778 1095 Glau-

94 1139 267 1174 conem
306 1123 510 1172 alteram
547 1129 738 1188 partem
786 1125 1005 1174 continet
1043 1130 1092 1172 et
1140 1124 1411 1187 praemisso
1453 1121 1779 1186 capitulorum

93 1198 257 1247 indice
288 1198 491 1246 tertium
524 1197 609 1246 sed
641 1197 774 1246 velut
805 1199 1094 1251 recensione
1130 1198 1337 1262 quadam
1370 1197 1647 1245 recentiore
1672 1210 1776 1242 mu-

92 1277 220 1320 tatos
252 1277 301 1319 et
323 1270 656 1335 interpolatos,
699 1273 839 1320 cuius
872 1277 1042 1321 auctor
1064 1278 1262 1336 praeter
1294 1270 1386 1319 alia
1429 1286 1488 1318 ex
1521 1268 1778 1317 Theodoro

92 1360 214 1394 usus
262 1345 459 1409 quidem
514 1345 728 1394 editione
785 1361 930 1410 quam
970 1346 1072 1394 dixi
1121 1345 1334 1394 secunda
1380 1346 1592 1393 inseruit
1638 1348 1687 1391 et
1728 1343 1780 1390 in

93 1421 201 1483 ipso
241 1424 379 1467 textu
418 1418 533 1467 libri
572 1420 707 1468 tertii
755 1419 965 1483 capitula
1007 1419 1218 1484 duplicia
1260 1412 1345 1486 (de
1385 1417 1690 1482 epylemticis
1732 1422 1781 1463 et

94 1494 424 1541 scotomaticis
465 1507 524 1540 ex
564 1492 649 1541 Th.
675 1492 733 1557 ΙΙ,
768 1490 835 1542 15
876 1499 925 1541 et
960 1489 1042 1559 16,
1083 1494 1142 1541 de
1174 1494 1480 1541 menomenis
1513 1508 1571 1540 ex
1603 1490 1661 1556 ΙΙ,
1696 1486 1782 1555 17,

95 1566 154 1614 (16
195 1567 419 1628 empiicis
460 1580 519 1614 ex
551 1565 619 1631 ΙΙ,
651 1561 770 1633 23),
818 1572 866 1615 et
912 1572 1023 1630 post
1069 1567 1240 1615 ultima
1280 1565 1471 1631 Galeni,
1520 1567 1562 1614 si
1601 1564 1780 1612 indicis

98 1639 320 1687 advertas
351 1640 690 1687 testimonium
717 1633 854 1707 (nam
894 1646 1056 1689 textus
1098 1641 1282 1689 codicis
1315 1641 1366 1688 in
1399 1655 1500 1703 cap.
1542 1639 1601 1687 de
1640 1653 1778 1702 para-

95 1712 257 1776 lyticis
282 1711 499 1760 clausula
521 1718 711 1762 tantum
736 1713 850 1762 libri
876 1716 1055 1763 omissa
1074 1714 1393 1780 imperfectus
1412 1714 1577 1761 deficit
1594 1714 1646 1760 in
1663 1711 1779 1759 folio

95 1782 204 1850 24³,
245 1786 385 1836 cuius
422 1786 551 1849 quod
583 1786 829 1850 reliquum
854 1787 1017 1836 album
1050 1782 1166 1856 est),
1200 1803 1423 1836 seorsum
1462 1786 1648 1836 addidit
1678 1786 1778 1850 pri-

94 1874 229 1907 mum
257 1858 385 1922 quod
434 1859 493 1907 ad
534 1862 789 1923 superiora
828 1863 1032 1925 respicit
1071 1877 1172 1926 cap.
1216 1862 1274 1910 de
1315 1860 1646 1910 melancolieis
1687 1853 1779 1926 (sc.

97 1948 156 1981 ex
189 1931 275 1980 Th.
300 1932 357 1998 ΙΙ,
385 1926 500 2000 18),
543 1933 719 1983 deinde
746 1950 867 1998 quae
893 1914 1005 1999 post
1029 1951 1132 2000 cap.
1167 1936 1225 1984 de
1251 1934 1532 2000 paralyticis
1557 1937 1608 1982 in
1632 1917 1780 1981 Bero-

95 2006 277 2055 linensi
317 2007 464 2054 etiam
504 2007 671 2057 codice
714 2015 987 2073 sequuntur
1027 2010 1085 2058 de
1134 2016 1323 2059 catarro
1359 2008 1423 2074 ΙΙ,
1457 2006 1527 2058 20
1567 2014 1617 2057 et
1656 2009 1783 2056 sicut

94 2079 227 2128 tituli
259 2074 502 2147 docent*)
537 2096 593 2148 ea
627 2082 805 2145 quibus
839 2089 1078 2147 augentur
1102 2083 1158 2150 ΙΙ,
1199 2081 1266 2132 21
1302 2089 1350 2132 et
1385 2081 1468 2148 22,
1502 2081 1678 2131 deinde
1720 2080 1779 2128 de

95 2153 299 2202 renibus
316 2148 397 2221 (ΙΙ,
415 2148 509 2222 33)
529 2150 654 2203 et'de
681 2156 919 2205 cardiacis
931 2152 1011 2225 (ΙΙ,
1029 2152 1135 2225 12).
1163 2163 1306 2222 atque
1325 2173 1384 2205 ex
1404 2157 1553 2205 simili
1572 2155 1781 2220 quodam

97 2233 236 2276 textu
260 2226 431 2276 Galeni
463 2230 548 2293 qui
573 2244 632 2277 ex
658 2229 908 2279 Prisciano
935 2231 1141 2296 aliisque
1167 2231 1491 2295 interpolatus
1518 2231 1610 2279 fuit
1634 2231 1779 2278 etiam

216 2366 254 2423 ³¹²)
295 2366 360 2410 sic
400 2368 525 2412 enim
562 2369 728 2415 habet:
770 2371 866 2428 „De
906 2374 1105 2417 catarru.
1149 2373 1217 2417 De
1248 2372 1398 2416 tisicis
1440 2374 1487 2416 et
1525 2373 1665 2415 tusse.
1706 2370 1780 2412 Ad

95 2427 276 2481 tussem
314 2427 362 2468 et
401 2427 658 2492 pulmones,
698 2430 774 2473 Ad
811 2432 1000 2476 tussem.
1048 2432 1124 2475 Ad
1154 2434 1331 2475 tussem
1371 2433 1418 2475 et
1457 2429 1665 2474 sintexis.
1706 2428 1781 2471 Ad

96 2485 275 2550 tussem
312 2486 360 2527 613
400 2486 604 2529 sintexin
643 2490 691 2531 613
729 2489 810 2543 qui
839 2490 1090 2546 purulenta
1138 2492 1368 2534 excreant.
1416 2489 1499 2532 Ad.
1529 2488 1691 2532 tisicos
1732 2489 1779 2530 et

96 2544 271 2586 toracis
298 2543 518 2588 dolorem.
549 2545 624 2590 Ad
647 2548 823 2591 tussem
847 2551 894 2592 et
919 2549 1000 2604 qui
1032 2549 1308 2606 sanguinem
1331 2549 1550 2592 voment“
1576 2546 1648 2603 (cf.
1676 2546 1776 2590 cod.

97 2600 248 2646 Berol.
281 2617 324 2658 p.
355 2606 636 2670 loo—103),
658 2605 754 2661 „De
795 2607 1036 2663 sanguinis
1078 2607 1327 2651 emissione
1367 2620 1423 2650 ex
1461 2606 1777 2650 interioribus.

97 2659 167 2703 De
199 2661 438 2705 stomacho
473 2676 700 2719 sanguine
739 2663 1041 2710 iactantibus.
1081 2666 1150 2710 De
1189 2665 1377 2709 renibus
1408 2665 1538 2710 vitiis
1571 2664 1646 2710 vel
1677 2678 1778 2708 ves-

100 2717 194 2819 811116
225 2720 462 2822 (1661611118,
485 2721 552 2822 {ie
585 2722 830 2805 cardiacis22
867 2718 1075 2781 Explicit
1106 2724 1435 2792 galieni-liber⁸
1464 2724 1666 2769 tercius“
1700 2726 1777 2780 (86.

99 2781 1779 2900 ζζῐὲοῑῖᾒὲἒῑέἰαἳωῖἓῗῂέἒᾏῖἓὲηῑῃἛξ3(ΞΠΞζὲεέοἰέὲθὲἒρῖἓὲθέἃῃξΞῗοῖἒέ

101 2907 242 2961 causa
272 2898 585 2942 membrorum
609 2900 827 2956 corporis.
859 2901 1131 2958 Expliciunt
1162 2901 1371 2959 capitula
1394 2902 1505 2946 libri
1529 2901 1671 2946 tertii.
1705 2901 1778 2943 In-

102 2956 219 3010 cipit
250 2955 306 3000 de
338 2957 609 3013 cephalea.“
