1988 3184
796 771 1159 829 vindicianus

502 874 771 932 Pentadio
817 875 1011 947 nepoti
1056 889 1155 932 suo
1204 874 1459 932 salutem.

289 997 427 1047 Licet
467 999 618 1046 sciam
656 1002 721 1063 te,
763 998 1014 1046 carissime
1053 1013 1223 1063 nepos,
1262 998 1450 1061 graecis
1490 996 1669 1045 litteris
1710 1011 1820 1045 eru-

142 1072 298 1121 ditum
330 1071 389 1120 ad
419 1072 544 1120 hanc
576 1069 887 1135 disciplinam
916 1086 1061 1136 posse
1093 1073 1369 1136 pervenire,
1408 1077 1573 1119 tamen
1608 1085 1669 1118 ne
1704 1070 1821 1134 quid

140 1145 231 1195 tihi
268 1147 492 1210 poscenti
531 1145 589 1193 ad
636 1147 923 1193 memoriam
969 1145 1285 1211 denegarem,
1332 1160 1391 1193 ex
1439 1143 1580 1192 libris
1619 1143 1821 1192 medici-
1867 1162 1888 1195 5

139 1219 332 1268 nalibus
375 1218 686 1283 Hippocratis
732 1219 903 1267 intima
948 1218 1160 1268 latinavi.
1210 1234 1332 1283 quae
1374 1219 1489 1282 quia
1536 1218 1713 1282 (lignus
1754 1233 1822 1282 eS,

140 1292 352 1341 fideliter
396 1291 534 1340 trado
582 1292 784 1340 daturus
830 1292 923 1340 tihi
961 1295 1038 1341 avi
1075 1295 1150 1341 tui
1195 1294 1350 1356 patris
1390 1293 1489 1341 mei
1536 1291 1711 1357 libros,
1763 1307 1822 1339 ex

269 1433 355 1477 Tit.
384 1435 450 1489 (p.
470 1436 580 1488 484)
601 1434 704 1477 dedi
726 1447 781 1477 ex
797 1433 1175 1490 Pantiquissimo,
1199 1435 1281 1477 ubi
1295 1433 1452 1489 Epistt
1468 1432 1737 1477 vindiciano
1763 1432 1825 1475 ad

143 1491 419 1549 pentadioni
449 1493 667 1548 nepotem
699 1506 833 1534 suum
865 1492 921 1535 de
946 1506 988 1547 q.
1013 1492 1058 1536 h.
1092 1498 1168 1537 etc.
1204 1494 1283 1549 qui
1308 1494 1571 1548 plerumque
1601 1493 1826 1536 omittitur

147 1566 430 1622 (simpliciter
458 1561 613 1622 Epistl
643 1564 902 1608 vindiciani
934 1567 1018 1621 ba,
1050 1565 1133 1621 Ep.
1166 1564 1426 1609 vindiciani
1466 1565 1527 1608 ad
1564 1563 1823 1621 pentadion

144 1624 307 1681 guium
335 1626 554 1680 nepotem
584 1638 718 1667 suum
748 1625 898 1668 Bruoe.
933 1624 1167 1679 2419l31).
1290 1628 1315 1667 2
1341 1624 1395 1668 V.
1428 1623 1714 1680 pentadione
1745 1637 1823 1667 ne-

63 1696 68 1699 ·
144 1686 254 1740 pote
295 1697 328 1727 s.
363 1683 417 1737 P,
447 1683 503 1727 V.
534 1681 792 1739 pentadion
828 1696 950 1739 gauo
989 1681 1198 1739 nepote(i
1221 1686 1443 1738 corrjsuo
1477 1697 1510 1727 S.
1546 1684 1592 1737 b,
1625 1682 1680 1727 V.
1712 1695 1825 1738 pen-

145 1740 440 1798 tadionepoti
465 1755 549 1807 suo
572 1756 605 1785 s.
636 1741 682 1796 G,
713 1741 768 1787 V.
800 1741 1025 1809 pentadio
1052 1741 1259 1808 (petadio
1288 1742 1344 1798 G)
1368 1740 1530 1798 nepoti
1556 1755 1637 1785 suo
1664 1756 1697 1786 s.
1721 1741 1822 1786 GU

146 1805 173 1844 3
199 1800 344 1844 sciam
360 1801 460 1857 PV,
487 1799 631 1844 sciam
654 1801 702 1843 te
726 1816 768 1856 a,
806 1815 872 1844 sci
896 1802 1048 1844 tatate
1074 1802 1111 1853 b,
1146 1800 1261 1844 scire
1286 1802 1333 1844 te
1361 1801 1403 1845 G
1421 1801 1465 1844 U
1483 1800 1666 1857 (scirem
1695 1802 1743 1844 te
1767 1803 1824 1856 v),

145 1862 193 1926 te
226 1859 342 1904 scire
378 1859 422 1904 0
601 1860 708 1904 kme
739 1873 884 1916 nepus
918 1861 1095 1926 (nepos.
1119 1860 1179 1916 U)
1216 1859 1520 1916 GUC',kr1se
1551 1859 1638 1903 filii
1671 1860 1717 1914 b,
1750 1873 1825 1903 ca-

143 1918 318 1962 rissimi
348 1917 416 1961 fili
448 1919 502 1974 P,
534 1919 780 1963 karissime
811 1918 879 1961 fili
919 1919 969 1974 V,
1003 1917 1240 1962 carissime
1272 1934 1313 1963 a.
1469 1917 1620 1985 grecis
1651 1917 1824 1962 litteris

149 1978 305 2033 GUG,
351 1955 523 2021 litteris
570 1978 720 2034 grecis
754 1978 814 2033 Ρ,
862 1976 1012 2021 literis
1051 1991 1213 2034 grecos
1254 1979 1304 2033 V,
1351 1977 1523 2021 litteris
1565 1979 1750 2034 (simpl.)
1785 1979 1824 2033 b,

145 2036 317 2081 litteris
349 2035 509 2093 grecis
531 2038 578 2080 et
610 2036 770 2081 latinis
802 2052 844 2081 α
985 2035 1219 2080 eruditum
1252 2037 1392 2093 G-UG,
1424 2039 1472 2081 te
1504 2035 1739 2080 eruditum
1770 2037 1825 2092 Ρ,

145 2097 193 2139 te
226 2108 325 2139 esse
358 2094 591 2138 eruditum
614 2112 656 2153 a,
688 2098 736 2140 te
770 2094 959 2139 erudire
977 2097 1015 2150 b,
1046 2097 1094 2138 te
1120 2094 1280 2139 eridiri
1306 2096 1355 2140 V
1447 2101 1476 2140 4
1502 2095 1824 2152 disciplinam:

146 2153 371 2197 noticiam
402 2155 427 2198 b
461 2155 635 2210 (solus).
756 2167 913 2210 posse.
944 2152 1130 2197 facilius
1161 2167 1297 2210 posse
1330 2155 1384 2197 P.
1525 2153 1768 2211 pervenire
1801 2155 1825 2198 b

149 2214 245 2268 (ubi
276 2213 338 2255 ad
367 2212 413 2255 h.
444 2227 489 2255 n.
520 2213 810 2269 possitamen
839 2211 1112 2268 pervenire),
1144 2213 1302 2256 venire
1335 2214 1396 2258 P:
1429 2227 1512 2257 om.
1545 2214 1721 2269 reliqui.

147 2273 306 2314 tamen
336 2284 419 2315 om.
460 2271 594 2326 V(v).
686 2285 744 2315 ne
776 2271 890 2326 quid
920 2270 1011 2315 tibi
1042 2272 1244 2327 PVGa,
1277 2271 1392 2327 quid
1422 2271 1514 2315 tibi
1544 2274 1643 2327 (om.
1676 2274 1751 2327 ne)
1780 2271 1826 2326 O,

148 2329 187 2372 85
216 2329 268 2372 id
297 2328 388 2373 tibi
427 2329 478 2379 U,
510 2329 673 2386 Neque
704 2330 795 2374 tibi
827 2332 865 2375 b.
996 2334 1021 2373 5
1055 2330 1334 2387 denegarem
1366 2332 1490 2387 (-—re
1523 2330 1575 2387 C)
1607 2344 1663 2374 ex
1693 2329 1827 2374 libris

152 2417 378 2472 GUOVa,
413 2417 642 2473 denegare
674 2432 746 2462 me
778 2417 902 2461 iures
935 2419 973 2474 b,
1008 2417 1238 2474 denegare
1249 2400 1460 2462 miridear.
1493 2417 1608 2461 iuris
1641 2419 1692 2462 P.

150 2481 175 2520 6
199 2475 435 2534 ypocratis
454 2476 599 2532 PGa,
624 2475 892 2533 yppocratis
911 2478 950 2532 b,
974 2476 1216 2533 ypogratis
1239 2478 1290 2533 U,
1314 2476 1577 2533 hipogratis
1604 2478 1654 2522 V:
1680 2490 1762 2521 om.
1782 2477 1826 2522 G.

147 2538 242 2581 scil.
282 2549 338 2580 ex
376 2535 522 2591 Πόρῳ.
564 2550 602 2592 q.
641 2537 675 2590 f.
710 2537 738 2580 l.
779 2537 832 2580 de
867 2541 1040 2579 natura
1076 2537 1281 2580 hominis.
1475 2535 1644 2579 intima
1679 2536 1827 2593 GUG,

149 2594 239 2651 si(y
269 2595 565 2650 av)ntomata
604 2595 706 2638 Vab
726 2597 807 2650 (v),
839 2593 1133 2638 Fintosmata
1165 2595 1219 2639 P.
1360 2593 1562 2638 latinavi
1593 2595 1727 2651 Pba‚
1760 2594 1828 2639 la-

147 2653 302 2698 tinabi
336 2652 382 2709 0,
413 2651 586 2696 latinas
614 2653 663 2708 V,
695 2652 842 2697 latine
862 2654 961 2708 (ubi
984 2666 1009 2696 6
1032 2654 1087 2719 iii
1113 2658 1226 2705 ras.)
1246 2652 1299 2697 G.
1399 2668 1489 2710 que
1522 2652 1633 2709 quia
1659 2653 1833 2710 dignus.

150 2726 198 2756 es
223 2713 313 2768 (est
337 2733 392 2748 =
418 2725 443 2756 6
479 2711 537 2768 G)
572 2689 732 2757 GUC:
767 2725 856 2767 que
886 2711 979 2756 tibi
1010 2710 1122 2767 quia
1154 2711 1322 2768 dignus
1354 2725 1403 2755 es
1429 2712 1522 2768 Pa,
1555 2726 1612 2757 ex
1643 2712 1707 2769 qd
1736 2712 1834 2757 tibi.

151 2770 315 2828 dignes
355 2771 406 2826 V,
440 2768 586 2814 Credo
618 2770 730 2826 quia
762 2770 956 2826 dignum
1016 2771 1088 2814 est
1119 2772 1157 2815 b
1279 2777 1301 2815 7
1339 2771 1532 2815 daturus
1564 2785 1645 2816 om.
1643 2727 1718 2816 qb

150 2829 379 2886 (daturus)
410 2827 502 2872 tibi
533 2830 638 2874 add.
675 2829 893 2884 GUOV(
895 2831 956 2884 b)
988 2843 1068 2874 om
1089 2829 1231 2885 P(a).
1346 2829 1424 2874 avi
1453 2829 1526 2874 tui
1555 2830 1704 2887 patris
1735 2830 1836 2875 mei

152 2889 301 2944 GUO,
335 2887 489 2932 avitus
517 2889 523 2946 Ι
548 2902 592 2944 p.
625 2903 684 2933 m.
712 2889 762 2945 V,
795 2887 873 2932 avi
896 2887 913 2931 i
936 2887 1008 2931 tui
1030 2903 1074 2945 p.
1099 2903 1158 2933 m.
1185 2889 1240 2945 P,
1272 2903 1300 2932 a
1323 2889 1434 2934 verb
1457 2904 1501 2946 p.
1527 2904 1587 2934 m.
1613 2891 1659 2936 b.
1692 2904 1775 2935 om.
1800 2905 1836 2934 a·

148 2949 248 3005 (ubi
275 2946 533 2991 tradituros
566 2948 617 2990 os
647 2946 811 3005 libros)
842 2952 883 2992 ct
912 2961 952 2991 v.
