1988 3184
62 206 93 227 e:

207 258 298 316 (13)
350 257 546 302 Veretro
600 257 652 301 in

52 327 54 330 ·
119 316 283 385 <quo>
335 316 519 362 collum.
581 315 651 361 vi-

122 390 220 420 sica
250 377 334 420 est.
366 375 556 423 tonitur.
581 373 651 419 vi-

12 438 41 449 ’“
117 434 218 479 sica
231 435 390 478 autem
401 433 525 478 inter
534 434 649 478 duos

118 493 243 538 renis
275 492 540 537 contenitur
571 493 649 537 de-

403 7 522 36 a
546 0 1032 54 fflfflmffwr‘
1235 0 1330 26 ι
1521 7 1523 9 ·
1672 0 1682 3 *

831 124 1146 171 GYNAEOIA.
1701 123 1812 176 443

756 259 847 315 (13)
891 257 1104 302 iunctum
1145 258 1229 303 est.
1337 258 1428 315 (13)
1482 256 1564 313 qui
1623 256 1811 301 iunctus

696 316 866 361 vesica.
891 315 1049 360 vesica
1073 318 1232 360 autem
1277 317 1350 360 est
1360 315 1514 360 vesice
1527 314 1700 360 collum
1710 315 1811 359 lon-

696 374 821 419 inter
837 375 952 419 duos
969 388 1101 418 renes
1124 389 1229 419 con·
1276 389 1389 432 gum
1419 374 1501 430 qui
1523 376 1706 419 veretro
1737 374 1808 418 in-

696 433 875 484 tinetur
906 434 1042 478 detur
1067 433 1226 479 rentis.
1276 435 1360 477 est.
1400 432 1557 478 vesica
1597 446 1708 477 vero
1739 446 1809 477 re-

699 495 808 537 sunt
835 494 994 536 autem
1017 491 1092 535 illi
1121 492 1228 537 dex·
1274 491 1413 536 nibus
1430 491 1695 536 continetur
1714 505 1809 536 me-

118 553 369 597 currenteS.
414 553 523 595 sunt
552 550 649 594 illis
695 553 770 595 tra
786 551 984 607 levaque
999 550 1131 595 nervi
1147 551 1229 606 qui
1278 550 1357 594 dia
1417 550 1676 606 utriusque.
1732 563 1809 594 ex-

118 611 293 654 dextra.
308 609 506 666 levaque
517 609 650 653 nervi
695 609 939 654 testiculos
972 608 1225 655 continent.
1276 609 1445 665 quibus
1491 609 1682 653 renibus
1730 609 1808 653 de-

118 669 200 725 qui
221 668 464 713 testicolus
493 670 650 712 conte·
695 668 791 712 illis
825 682 914 724 que
938 668 1088 711 iuncti
1121 671 1229 713 sunt
1275 670 1462 712 current
1500 668 1562 711 ad
1599 682 1806 712 nervum.

116 742 232 771 nens
248 727 374 783 quod
389 726 517 783 greci
535 726 648 770 oris-
693 726 937 772 foramina.
976 740 1060 783 per
1091 741 1229 782 quem
1273 727 1350 771 vel
1406 726 1662 770 testiculos.
1719 740 1808 782 que

117 785 300 830 matiris
338 788 510 830 vocant
550 785 647 828 illis
693 785 966 830 tenuissime
1005 799 1122 829 vene
1167 787 1226 830 ab
1273 784 1402 842 greci
1496 787 1809 829 cremasteron

117 845 277 888 iuncta
309 845 417 887 sunt
456 844 548 887 duo
579 843 648 887 fo·
695 844 830 900 spina
861 846 909 888 et
938 843 1147 887 medulla
1177 844 1228 887 in
1272 845 1456 889 vocant.
1483 843 1652 899 quibus
1676 843 1807 888 iunte

114 902 297 947 ramina
333 916 416 958 per
458 915 548 957 que
577 904 647 946 te·
692 902 924 946 testiculis
958 915 1114 947 semen
1145 904 1226 946 ad-
1274 905 1382 946 sunt
1397 916 1514 946 vene
1534 902 1807 946 tenuissime

114 961 338 1005 nuissime
383 974 531 1005 venae
586 961 646 1004 ab
692 960 943 1005 ministrat.
1271 975 1487 1017 spei-man
1512 961 1748 1004 deducunt
1779 975 1807 1005 a

117 1020 252 1077 spina
280 1022 327 1063 et
357 1018 565 1063 medulla
596 1019 648 1062 in
1274 1020 1475 1064 cerebro.
1500 1019 1728 1119 origs]que
1749 1033 1807 1063 ex

114 1078 360 1123 testiculus
386 1091 543 1122 semen
564 1078 646 1121 ad·
1273 1078 1404 1137 spine
1436 1078 1575 1122 medu
1596 1078 1655 1122 la.

114 1138 413 1182 menestrant.
522 1137 648 1191 quod

115 1195 242 1253 greci
257 1197 549 1252 permatecus
565 1208 647 1251 po-

114 1270 191 1298 rus
224 1253 478 1311 appellant.
670 1275 674 1442 ᾖ

289 2913 484 2969 ΗΠΒ)
869 2884 1042 2967 HNP)
1475 2910 1603 2967 ΠΟ)
