1950 3172
162 94 232 148 76
597 127 600 130 .
677 96 996 139 Tflnonom
1024 95 1327 140 Pmscmm

160 236 437 284 occurrerit
474 233 641 283 futura
680 232 969 282 debilitatio,
1038 233 1092 281 in
1129 232 1209 282 his
1241 247 1358 297 ergo
1391 233 1738 299 cataplasmata
1776 250 1857 285 ca·
1894 262 1896 266 ·

158 308 258 358 lida
297 314 347 357 et
384 308 602 357 fomenta
639 308 940 358 umectantia
978 306 1211 370 fugienda
1251 312 1368 356 sunt
1397 308 1564 372 ignem
1595 323 1771 358 causae
1805 314 1858 358 et
1906 349 1909 351 .

160 382 357 431 dolores
389 382 635 446 augentia,
676 380 763 430 sed
795 379 987 429 levibus
1018 379 1291 429 linimentis
1325 383 1601 431 evocatorie
1633 382 1858 448 curandi,
1903 379 1945 445 ²1,-

161 471 286 521 quae
327 457 434 504 sine
474 454 738 519 gravedine
777 455 972 519 possint
1010 454 1187 503 afferre
1219 454 1498 504 utilitatem.
1569 457 1615 504 si
1651 455 1859 505 fleboto-

115 542 136 575 5
161 545 272 579 mus
313 544 430 578 sane
471 528 551 578 vel
589 528 858 577 cathartica
897 533 1032 577 certa
1072 543 1219 577 causa
1257 530 1696 593 praetermittenda
1728 536 1858 596 sunt,
1922 528 1946 585 ῗῑὲ

159 603 456 669 clysteribus
496 602 708 651 assiduis
747 601 1039 668 imminebO‚
1079 602 1260 667 quibus
1306 605 1495 653 ventris
1535 605 1855 669 purgationes

159 682 516 742 competenter·
536 675 848 741 procurando
889 676 1020 740 quod
1053 675 1317 726 flebotomo
1357 683 1590 742 negatum
1629 684 1705 727 est
1741 693 1856 743 pos·
1919 667 1927 681 ’Δ

160 753 314 801 simus
348 766 683 816 compensare.
746 750 916 814 frigidi
946 755 1108 800 tactus
1141 756 1190 799 et
1222 766 1361 800 acres
1387 752 1574 800 vitandi
1607 758 1734 801 sunt.
1783 753 1857 800 in·
1924 747 1950 814 ξιὲ

159 825 420 890 frigidatae
462 826 597 874 enim
636 830 802 889 partes
842 823 1034 873 facilius
1075 831 1460 877 commoventur.
1630 847 1632 849 ·
1930 821 1950 854 ³:

71 898 139 951 73
307 898 670 948 declinantibus
724 913 840 947 vero
906 899 1004 947 iam
1066 897 1290 948 febribus
1352 899 1446 948 hoc
1514 901 1729 948 trocisco
1783 901 1858 949 uti
1936 899 1947 954 ἔτ’

92 988 132 1018 11
159 975 394 1023 consuevi
440 972 669 1022 omnibus
721 974 819 1021 iam
871 972 1180 1037 temporibus
1235 978 1361 1038 apto,
1440 989 1615 1038 spuma
1665 975 1859 1038 argenti

158 1063 360 1097 cerussa
400 1046 636 1111 sulphure
676 1048 785 1095 vivo
832 1061 978 1095 croco
1019 1048 1130 1110 opio
1173 1045 1264 1095 sub
1304 1062 1459 1111 aequa
1496 1047 1855 1112 ponderatione
1936 1057 1941 1066 '¹

158 1123 319 1170 tunsis
361 1127 410 1170 et
448 1120 731 1187 cribellatiS‚
772 1126 820 1169 et
856 1135 969 1168 cum
1007 1135 1153 1184 passo
1193 1120 1270 1169 vel
1311 1136 1428 1170 suco
1470 1121 1693 1187 strychni
1730 1127 1854 1170 tem·
1944 1130 1950 1170 ζ’

159 1201 343 1259 perat0.
422 1210 536 1243 nam
583 1200 632 1243 et
679 1195 1046 1258 euporistorum
1094 1197 1410 1259 sequentium
1462 1211 1659 1260 semper
1703 1195 1855 1244 bene-

93 1282 134 1315 15
160 1270 271 1318 ficia
316 1269 623 1334 profuerunt.
700 1268 934 1332 butyrum
982 1283 1094 1317 cum
1142 1269 1363 1333 strychni
1411 1285 1529 1319 suco
1577 1269 1854 1335 adhibetur,

162 1350 211 1392 et
247 1345 408 1392 acacia
450 1358 562 1391 cum
603 1348 740 1391 aceto
781 1342 858 1390 vel
891 1357 1032 1408 aqua⁷
1072 1348 1122 1391 et
1161 1358 1333 1407 spuma
1365 1345 1558 1407 argenti
1590 1359 1702 1392 cum
1736 1358 1854 1392 suco
1948 1382 1950 1384 -

281 1490 304 1528 1
346 1484 506 1528 futura
547 1483 775 1529 delibatio
807 1499 857 1540 r,
897 1484 1052 1544 fetosa
1090 1486 1192 1541 (sic)
1225 1484 1493 1529 debilitatio
1526 1486 1572 1529 B
1604 1487 1656 1541 (s.
1688 1486 1722 1529 t.
1760 1498 1856 1528 non

161 1546 376 1588 occurrat
407 1546 616 1588 extrema
648 1543 918 1587 debilitatio
951 1546 1010 1599 b).
1101 1544 1155 1587 In
1185 1543 1259 1588 his
1285 1558 1394 1602 ergo
1419 1546 1499 1589 rb:
1532 1543 1678 1588 Dabis
1704 1543 1858 1587 adhuc

159 1604 206 1647 B
230 1605 329 1660 (om.
366 1604 494 1660 Get).
589 1602 746 1647 calida
775 1604 854 1647 rB
865 1605 911 1648 b:
945 1602 1205 1647 chalastica
1238 1604 1335 1648 θεῖ.
1450 1608 1475 1646 2
1509 1603 1633 1660 ignis
1665 1617 1858 1647 causam

159 1664 208 1706 et
239 1662 412 1706 doloris
504 1662 748 1721 augientia
779 1664 862 1719 (sic
901 1677 1002 1707 cum
1041 1664 1161 1718 albo)
1187 1664 1232 1719 b,
1281 1662 1405 1719 ignis
1444 1662 1542 1706 vim
1585 1664 1633 1706 et
1671 1661 1855 1706 dolores

160 1721 387 1779 augentia
436 1723 556 1777 GeL,
612 1721 771 1779 ignem
826 1735 964 1780 cause
1014 1723 1063 1765 et
1116 1721 1325 1766 dolorem
1371 1721 1519 1779 (—-ris
1558 1723 1607 1778 r)
1662 1721 1856 1779 agentia

159 1781 402 1838 (augentia
432 1782 473 1838 r)
504 1782 596 1826 rB.
746 1787 771 1825 3
805 1780 1070 1825 evocatorie
1102 1780 1222 1839 (-—i‹2
1256 1782 1298 1837 b)
1331 1780 1605 1824 curantibus
1637 1783 1697 1826 rb
1731 1783 1855 1837 (evo-

160 1839 336 1884 catorie
368 1840 627 1884 curandum
655 1841 791 1897 Gel.):
827 1839 1106 1884 evocatoriis
1140 1842 1187 1883 et
1219 1840 1492 1884 curantibus
1516 1841 1575 1884 B.
1698 1844 1727 1883 4
1749 1854 1856 1897 pos-

161 1896 256 1942 sint
288 1900 368 1944 bB
388 1900 507 1944 Gel.:
538 1900 738 1955 possunt
767 1915 805 1943 r.
946 1898 1206 1942 utilitatem
1235 1900 1335 1943 rB:
1369 1898 1626 1943 remedium
1659 1901 1684 1944 b
1701 1900 1797 1944 Gel.

160 1958 439 2001 flebotomus
472 1958 768 2015 (flebotamus
800 1959 863 2015 B)
888 1960 947 2002 rb
969 1959 1135 2003 GetB.
1293 1962 1318 2000 5
1351 1960 1500 2002 certa:
1533 1960 1587 2002 irc
1616 1960 1698 2003 hoc
1728 1973 1858 2003 voca-

163 2018 267 2062 bulo
299 2019 451 2072 deficit
481 2023 629 2062 textus
655 2017 820 2074 Gelff)
845 2020 924 2074 qui
947 2019 1116 2062 transit
1139 2018 1201 2061 ad
1225 2032 1322 2074 cap.
1349 2022 1413 2062 27
1439 2017 1495 2061 de
1519 2016 1691 2061 veretri
1715 2031 1856 2074 caus,

162 2077 338 2121 duobus
359 2082 413 2120 ut
434 2077 615 2120 videtur
636 2078 764 2131 foliis
784 2078 960 2121 excisis.
1066 2077 1303 2132 praeterffi
1325 2075 1603 2133 r)mittenda
1628 2078 1736 2120 sunt
1757 2078 1858 2121 rB:

160 2149 256 2179 non
285 2134 553 2192 permiserit
585 2137 623 2179 b.
748 2139 773 2178 6
807 2135 1008 2179 assiduis
1039 2136 1132 2189 rB,
1169 2136 1316 2193 —due
1350 2137 1388 2179 b.
1511 2134 1719 2180 iminebo
1755 2135 1856 2192 qui-

161 2194 250 2238 bus
281 2193 459 2238 ventris
490 2193 855 2251 purgacionibus
888 2195 1205 2251 competenter
1236 2193 1458 2251 (assiduis
1491 2196 1597 2239 add.
1621 2196 1663 2252 r)
1676 2211 1681 2215 ⁷·
1693 2208 1858 2252 procu·
1946 2232 1950 2234 .

161 2254 277 2297 rabo
309 2253 618 2310 (procurando
650 2254 691 2309 r)
724 2255 798 2308 br,
835 2253 952 2296 imni
975 2254 985 2312 Ι
1012 2253 1063 2296 in
1094 2252 1251 2297 ebolia
1280 2253 1641 2310 purgationibus
1674 2268 1858 2311 compe·
1943 2299 1947 2302 ,

161 2312 370 2356 tentibus
404 2311 607 2356 assiduis
639 2312 830 2356 ventris.
863 2313 989 2368 quod
1019 2313 1077 2356 B.
1246 2316 1271 2355 9
1304 2312 1610 2370 infrigidatae
1642 2313 1767 2357 enim
1797 2314 1858 2371 B,

161 2371 426 2429 frigiditate
459 2371 584 2415 enim
614 2386 659 2415 r:
688 2371 875 2429 (quibus
907 2370 1152 2428 indignate
1184 2372 1241 2428 b).
1418 2376 1472 2415 10
1504 2386 1614 2416 vero
1645 2372 1742 2416 iam
1771 2374 1855 2417 rb:
1948 2421 1950 2427 ¹

162 2445 245 2475 om.
278 2432 336 2475 B.
436 2435 488 2475 11
530 2429 745 2474 omnibus
784 2431 880 2474 iam
920 2432 1030 2487 apto
1062 2431 1212 2487 (—tos
1245 2432 1285 2488 r)
1325 2431 1615 2488 temporibus
1646 2433 1726 2476 rb:
1760 2445 1858 2475 om·
1947 2461 1950 2464 -

162 2490 300 2533 nibus
332 2489 622 2548 temporibus
655 2490 703 2533 et
732 2489 848 2534 locis
882 2489 1126 2547 aptissimo
1159 2490 1216 2534 B.
1315 2494 1366 2533 12
1402 2490 1444 2535 S.
1471 2505 1511 2535 a.
1539 2490 1721 2549 Ceruse.
1756 2490 1858 2534 Sul-

162 2549 278 2593 furis
301 2548 401 2593 vivi
432 2563 524 2593 ana
547 2560 604 2599 ÷
628 2549 661 2594 I.
689 2552 741 2594 ἃ)
764 2558 823 2598 -ζ-
848 2549 891 2594 S.
918 2548 1047 2606 oppii
1063 2560 1094 2594 Δ
1127 2548 1279 2592 tunsis
1312 2550 1360 2592 et
1383 2549 1655 2594 cribeHatis.
1682 2551 1730 2593 et
1753 2563 1857 2593 cum
1944 2567 1950 2582 τ

165 2644 173 2652 .
195 2610 510 2665 ..temperatsi
535 2608 710 2665 inpano
728 2610 766 2653 b.
861 2613 915 2652 12
934 2608 1019 2652 sub
1038 2622 1077 2654 a.
1098 2607 1437 2664 ponderatione
1452 2624 1497 2653 r:
1524 2609 1609 2652 sub
1628 2622 1777 2664 aequo
1794 2609 1854 2653 B.

165 2672 219 2710 13
254 2681 363 2711 suco
397 2669 443 2711 b:
478 2667 578 2711 suci
609 2683 646 2723 r,
681 2667 803 2712 sucis
835 2669 892 2712 B.
1017 2672 1074 2711 14
1103 2680 1215 2710 nam
1246 2669 1294 2710 et
1324 2680 1483 2710 eorum
1514 2667 1855 2724 euporistorum
1948 2675 1950 2714 ἶ

163 2725 459 2781 sequentium
491 2740 524 2771 s.
558 2726 604 2771 b.
636 2743 680 2784 p.
714 2743 752 2783 r,
783 2741 895 2770 nam
926 2726 1000 2785 <Sc
1024 2728 1128 2771 add.
1162 2725 1313 2785 corr.)
1344 2739 1504 2769 eorum
1534 2726 1857 2783 &poristorum

164 2787 284 2840 (eup.
319 2785 456 2830 Neu.)
489 2785 806 2841 frequentium
838 2801 872 2831 s.
904 2786 948 2830 b.
982 2801 1026 2843 p.
1053 2786 1119 2829 B:
1152 2799 1234 2830 om.
1261 2787 1285 2827 b
1304 2786 1402 2841 (ubi
1431 2786 1480 2828 et
1502 2785 1712 2829 butirum
1742 2787 1854 2840 eta).

165 2847 220 2886 16
252 2844 300 2886 et
332 2857 399 2900 sp.
434 2857 529 2900 arg.
573 2858 678 2887 cum
718 2844 888 2901 strigni
928 2858 1037 2889 suco
1075 2843 1152 2888 vel
1189 2844 1418 2888 betarum.
1483 2846 1566 2888 aut
1603 2858 1709 2889 cum
1747 2856 1857 2887 suco

162 2915 403 2959 porrorum
434 2903 482 2945 et
512 2904 630 2959 guta
663 2918 704 2948 a.
738 2909 815 2948 ete.
850 2905 888 2948 b.
