<?xml version="1.0" encoding="UTF-8"?>
<!DOCTYPE html PUBLIC "-//W3C//DTD XHTML 1.0 Transitional//EN"
    "http://www.w3.org/TR/xhtml1/DTD/xhtml1-transitional.dtd">
<html xmlns="http://www.w3.org/1999/xhtml" xml:lang="en" lang="en">
 <head>
  <title>
</title>
<meta http-equiv="Content-Type" content="text/html;charset=utf-8" />
  <meta name='ocr-system' content='tesseract 3.04.00' />
  <meta name='ocr-capabilities' content='ocr_page ocr_carea ocr_par ocr_line ocrx_word'/>
</head>
<body>
  <div class='ocr_page' id='page_1' title='image "./theoeuporislibr00prisuoft_0174.png"; bbox 0 0 1950 3172; ppageno 0'>
   <div class='ocr_carea' id='block_1_1' title="bbox 1766 0 1776 134">
    <p class='ocr_par' dir='ltr' id='par_1_1' title="bbox 1766 0 1776 134">
     <span class='ocr_line' id='line_1_1' title="bbox 1766 0 1776 134; baseline 0 3038"><span class='ocrx_word' id='word_1_1' title='bbox 1766 0 1776 134; x_wconf 95' lang='lat' dir='ltr'><strong> </strong></span> 
     </span>
    </p>
   </div>
   <div class='ocr_carea' id='block_1_2' title="bbox 1647 0 1918 114">
    <p class='ocr_par' dir='ltr' id='par_1_2' title="bbox 1647 0 1918 114">
     <span class='ocr_line' id='line_1_2' title="bbox 1647 0 1811 43; baseline 0.006 -1"><span class='ocrx_word' id='word_1_2' title='bbox 1647 0 1666 11; x_wconf 17' lang='grc' dir='ltr'><strong>η’</strong></span> <span class='ocrx_word' id='word_1_3' title='bbox 1686 0 1700 3; x_wconf 36' lang='lat' dir='ltr'>v</span> <span class='ocrx_word' id='word_1_4' title='bbox 1731 0 1811 43; x_wconf 30' lang='lat'>-..3⁴²-</span> 
     </span>
     <span class='ocr_line' id='line_1_3' title="bbox 1867 98 1918 114; baseline 0 0"><span class='ocrx_word' id='word_1_5' title='bbox 1867 98 1891 111; x_wconf 65' lang='grc' dir='ltr'>Ἀ</span> <span class='ocrx_word' id='word_1_6' title='bbox 1910 108 1918 114; x_wconf 77' lang='lat'>.</span> 
     </span>
    </p>
   </div>
   <div class='ocr_carea' id='block_1_3' title="bbox 110 241 1946 832">
    <p class='ocr_par' dir='ltr' id='par_1_3' title="bbox 153 241 1946 535">
     <span class='ocr_line' id='line_1_4' title="bbox 154 241 1946 314; baseline 0.001 -18"><span class='ocrx_word' id='word_1_7' title='bbox 154 253 210 297; x_wconf 89' lang='lat' dir='ltr'><strong>ut</strong></span> <span class='ocrx_word' id='word_1_8' title='bbox 247 250 470 314; x_wconf 79' lang='lat' dir='ltr'><strong>ptisanae</strong></span> <span class='ocrx_word' id='word_1_9' title='bbox 512 263 661 298; x_wconf 88' lang='lat' dir='ltr'><strong>sucus</strong></span> <span class='ocrx_word' id='word_1_10' title='bbox 701 253 751 297; x_wconf 91' lang='lat' dir='ltr'><strong>et</strong></span> <span class='ocrx_word' id='word_1_11' title='bbox 789 262 877 296; x_wconf 87' lang='lat' dir='ltr'><strong>ova</strong></span> <span class='ocrx_word' id='word_1_12' title='bbox 915 248 1158 312; x_wconf 82' lang='lat' dir='ltr'><strong>recentia,</strong></span> <span class='ocrx_word' id='word_1_13' title='bbox 1204 261 1358 311; x_wconf 88' lang='lat' dir='ltr'><strong>panes</strong></span> <span class='ocrx_word' id='word_1_14' title='bbox 1404 247 1578 296; x_wconf 88' lang='lat' dir='ltr'><strong>mundi</strong></span> <span class='ocrx_word' id='word_1_15' title='bbox 1624 262 1684 297; x_wconf 89' lang='lat' dir='ltr'><strong>ex</strong></span> <span class='ocrx_word' id='word_1_16' title='bbox 1724 263 1850 313; x_wconf 85' lang='lat' dir='ltr'><strong>aqua</strong></span> <span class='ocrx_word' id='word_1_17' title='bbox 1939 241 1946 243; x_wconf 43' lang='grc'>“</span> 
     </span>
     <span class='ocr_line' id='line_1_5' title="bbox 156 319 1850 390; baseline 0.001 -20"><span class='ocrx_word' id='word_1_18' title='bbox 156 322 334 390; x_wconf 89' lang='lat' dir='ltr'><strong>calida,</strong></span> <span class='ocrx_word' id='word_1_19' title='bbox 374 322 539 372; x_wconf 88' lang='lat' dir='ltr'><strong>caules</strong></span> <span class='ocrx_word' id='word_1_20' title='bbox 587 321 801 388; x_wconf 90' lang='lat' dir='ltr'><strong>decocti,</strong></span> <span class='ocrx_word' id='word_1_21' title='bbox 848 336 1003 385; x_wconf 89' lang='lat' dir='ltr'><strong>aquae</strong></span> <span class='ocrx_word' id='word_1_22' title='bbox 1052 319 1237 369; x_wconf 81' lang='lat' dir='ltr'>calidae</span> <span class='ocrx_word' id='word_1_23' title='bbox 1277 321 1412 385; x_wconf 88' lang='lat' dir='ltr'><strong>potio</strong></span> <span class='ocrx_word' id='word_1_24' title='bbox 1453 326 1503 370; x_wconf 92' lang='lat' dir='ltr'><strong>et</strong></span> <span class='ocrx_word' id='word_1_25' title='bbox 1546 320 1850 384; x_wconf 78' lang='lat' dir='ltr'><strong>lactucarum</strong></span> 
     </span>
     <span class='ocr_line' id='line_1_6' title="bbox 153 394 1852 459; baseline 0 -14"><span class='ocrx_word' id='word_1_26' title='bbox 153 395 453 446; x_wconf 86' lang='lat' dir='ltr'><strong>beneficium</strong></span> <span class='ocrx_word' id='word_1_27' title='bbox 491 395 796 459; x_wconf 84' lang='lat' dir='ltr'><strong>frigidarum.</strong></span> <span class='ocrx_word' id='word_1_28' title='bbox 865 395 944 444; x_wconf 91' lang='lat' dir='ltr'><strong>his</strong></span> <span class='ocrx_word' id='word_1_29' title='bbox 985 396 1168 444; x_wconf 80' lang='lat' dir='ltr'><strong>etenim</strong></span> <span class='ocrx_word' id='word_1_30' title='bbox 1209 394 1467 444; x_wconf 89' lang='lat' dir='ltr'><strong>adiutoriis</strong></span> <span class='ocrx_word' id='word_1_31' title='bbox 1506 395 1740 444; x_wconf 85' lang='lat' dir='ltr'><strong>adhibitis</strong></span> <span class='ocrx_word' id='word_1_32' title='bbox 1769 411 1852 445; x_wconf 90' lang='lat' dir='ltr'><strong>va—</strong></span> 
     </span>
     <span class='ocr_line' id='line_1_7' title="bbox 154 468 1854 535; baseline 0.001 -17"><span class='ocrx_word' id='word_1_33' title='bbox 154 473 290 535; x_wconf 89' lang='lat' dir='ltr'><strong>poris</strong></span> <span class='ocrx_word' id='word_1_34' title='bbox 330 470 390 520; x_wconf 90' lang='lat' dir='ltr'><strong>ad</strong></span> <span class='ocrx_word' id='word_1_35' title='bbox 431 475 578 534; x_wconf 93' lang='lat' dir='ltr'><strong>caput</strong></span> <span class='ocrx_word' id='word_1_36' title='bbox 609 468 924 518; x_wconf 91' lang='lat' dir='ltr'><strong>ascendentis</strong></span> <span class='ocrx_word' id='word_1_37' title='bbox 958 469 1170 534; x_wconf 89' lang='lat' dir='ltr'><strong>deprimi</strong></span> <span class='ocrx_word' id='word_1_38' title='bbox 1208 470 1541 534; x_wconf 85' lang='lat' dir='ltr'><strong>inportunitas</strong></span> <span class='ocrx_word' id='word_1_39' title='bbox 1582 471 1854 520; x_wconf 87' lang='lat' dir='ltr'><strong>consuevit.</strong></span> 
     </span>
    </p>

    <p class='ocr_par' dir='ltr' id='par_1_4' title="bbox 110 543 1856 832">
     <span class='ocr_line' id='line_1_8' title="bbox 110 543 1851 608; baseline 0.002 -20"><span class='ocrx_word' id='word_1_40' title='bbox 110 554 132 588; x_wconf 80' lang='lat'>5</span> <span class='ocrx_word' id='word_1_41' title='bbox 304 544 391 593; x_wconf 88' lang='lat' dir='ltr'><strong>sed</strong></span> <span class='ocrx_word' id='word_1_42' title='bbox 432 545 666 608; x_wconf 91' lang='lat' dir='ltr'><strong>quoniam</strong></span> <span class='ocrx_word' id='word_1_43' title='bbox 703 543 782 592; x_wconf 92' lang='lat' dir='ltr'><strong>his</strong></span> <span class='ocrx_word' id='word_1_44' title='bbox 815 545 979 592; x_wconf 93' lang='lat' dir='ltr'><strong>causis</strong></span> <span class='ocrx_word' id='word_1_45' title='bbox 1012 558 1167 608; x_wconf 87' lang='lat' dir='ltr'><strong>aquae</strong></span> <span class='ocrx_word' id='word_1_46' title='bbox 1207 543 1393 592; x_wconf 89' lang='lat' dir='ltr'><strong>calidae</strong></span> <span class='ocrx_word' id='word_1_47' title='bbox 1432 545 1685 608; x_wconf 91' lang='lat' dir='ltr'><strong>potionem</strong></span> <span class='ocrx_word' id='word_1_48' title='bbox 1725 544 1851 593; x_wconf 84' lang='lat' dir='ltr'><strong>dixi-</strong></span> 
     </span>
     <span class='ocr_line' id='line_1_9' title="bbox 153 617 1856 684; baseline 0 -17"><span class='ocrx_word' id='word_1_49' title='bbox 153 633 265 667; x_wconf 91' lang='lat' dir='ltr'><strong>mus</strong></span> <span class='ocrx_word' id='word_1_50' title='bbox 311 617 610 667; x_wconf 88' lang='lat' dir='ltr'><strong>beneficium</strong></span> <span class='ocrx_word' id='word_1_51' title='bbox 655 619 952 684; x_wconf 90' lang='lat' dir='ltr'><strong>ministrari,</strong></span> <span class='ocrx_word' id='word_1_52' title='bbox 1007 618 1317 682; x_wconf 86' lang='lat' dir='ltr'><strong>frequentius</strong></span> <span class='ocrx_word' id='word_1_53' title='bbox 1371 617 1730 667; x_wconf 88' lang='lat' dir='ltr'><strong>intendendum</strong></span> <span class='ocrx_word' id='word_1_54' title='bbox 1776 624 1856 668; x_wconf 90' lang='lat' dir='ltr'><strong>est.</strong></span> 
     </span>
     <span class='ocr_line' id='line_1_10' title="bbox 152 691 1856 759; baseline 0.001 -19"><span class='ocrx_word' id='word_1_55' title='bbox 152 707 215 740; x_wconf 91' lang='lat' dir='ltr'><strong>ne</strong></span> <span class='ocrx_word' id='word_1_56' title='bbox 256 708 316 740; x_wconf 86' lang='lat' dir='ltr'><strong>ex</strong></span> <span class='ocrx_word' id='word_1_57' title='bbox 351 708 407 741; x_wconf 92' lang='lat' dir='ltr'><strong>ea</strong></span> <span class='ocrx_word' id='word_1_58' title='bbox 446 691 685 741; x_wconf 87' lang='lat' dir='ltr'><strong>resolutio</strong></span> <span class='ocrx_word' id='word_1_59' title='bbox 719 692 958 741; x_wconf 86' lang='lat' dir='ltr'><strong>stomachi</strong></span> <span class='ocrx_word' id='word_1_60' title='bbox 997 697 1308 756; x_wconf 85' lang='lat' dir='ltr'><strong>procuretur.</strong></span> <span class='ocrx_word' id='word_1_61' title='bbox 1368 707 1492 756; x_wconf 91' lang='lat' dir='ltr'><strong>quae</strong></span> <span class='ocrx_word' id='word_1_62' title='bbox 1534 693 1577 741; x_wconf 93' lang='lat' dir='ltr'><strong>si</strong></span> <span class='ocrx_word' id='word_1_63' title='bbox 1617 694 1856 759; x_wconf 76' lang='lat' dir='ltr'><strong>evenerit,</strong></span> 
     </span>
     <span class='ocr_line' id='line_1_11' title="bbox 152 766 1854 832; baseline -0.001 -17"><span class='ocrx_word' id='word_1_64' title='bbox 152 771 272 815; x_wconf 88' lang='lat' dir='ltr'><strong>tunc</strong></span> <span class='ocrx_word' id='word_1_65' title='bbox 333 768 559 830; x_wconf 89' lang='lat' dir='ltr'><strong>apiorum</strong></span> <span class='ocrx_word' id='word_1_66' title='bbox 620 766 698 815; x_wconf 89' lang='lat' dir='ltr'><strong>vel</strong></span> <span class='ocrx_word' id='word_1_67' title='bbox 759 766 1082 831; x_wconf 84' lang='lat' dir='ltr'><strong>cydoniorum</strong></span> <span class='ocrx_word' id='word_1_68' title='bbox 1145 766 1431 815; x_wconf 91' lang='lat' dir='ltr'><strong>decoctione</strong></span> <span class='ocrx_word' id='word_1_69' title='bbox 1492 768 1595 814; x_wconf 91' lang='lat' dir='ltr'><strong>vini</strong></span> <span class='ocrx_word' id='word_1_70' title='bbox 1658 767 1854 832; x_wconf 54' lang='lat' dir='ltr'><strong>species&gt;</strong></span> 
     </span>
    </p>
   </div>
   <div class='ocr_carea' id='block_1_4' title="bbox 159 107 1332 160">
    <p class='ocr_par' dir='ltr' id='par_1_5' title="bbox 159 107 1332 160">
     <span class='ocr_line' id='line_1_12' title="bbox 159 107 1332 160; baseline -0.008 0"><span class='ocrx_word' id='word_1_71' title='bbox 159 107 265 160; x_wconf 82' lang='lat'><strong>142</strong></span> <span class='ocrx_word' id='word_1_72' title='bbox 681 110 1001 152; x_wconf 77' lang='lat' dir='ltr'><strong>THEonom</strong></span> <span class='ocrx_word' id='word_1_73' title='bbox 1028 108 1332 152; x_wconf 64' lang='lat' dir='ltr'><strong>musenim</strong></span> 
     </span>
    </p>
   </div>
   <div class='ocr_carea' id='block_1_5' title="bbox 86 840 1852 1424">
    <p class='ocr_par' dir='ltr' id='par_1_6' title="bbox 86 840 1852 1424">
     <span class='ocr_line' id='line_1_13' title="bbox 152 840 1852 906; baseline -0.001 -17"><span class='ocrx_word' id='word_1_74' title='bbox 152 840 390 889; x_wconf 92' lang='lat' dir='ltr'><strong>imitanda</strong></span> <span class='ocrx_word' id='word_1_75' title='bbox 453 846 554 906; x_wconf 88' lang='lat' dir='ltr'><strong>est,</strong></span> <span class='ocrx_word' id='word_1_76' title='bbox 618 856 743 904; x_wconf 90' lang='lat' dir='ltr'><strong>quae</strong></span> <span class='ocrx_word' id='word_1_77' title='bbox 807 840 1114 889; x_wconf 90' lang='lat' dir='ltr'><strong>stomachum</strong></span> <span class='ocrx_word' id='word_1_78' title='bbox 1175 840 1332 888; x_wconf 91' lang='lat' dir='ltr'><strong>valeat</strong></span> <span class='ocrx_word' id='word_1_79' title='bbox 1393 855 1639 904; x_wconf 87' lang='lat' dir='ltr'><strong>reparare.</strong></span> <span class='ocrx_word' id='word_1_80' title='bbox 1717 841 1852 888; x_wconf 93' lang='lat' dir='ltr'><strong>omni</strong></span> 
     </span>
     <span class='ocr_line' id='line_1_14' title="bbox 86 913 1851 979; baseline 0 -16"><span class='ocrx_word' id='word_1_81' title='bbox 86 925 130 958; x_wconf 89' lang='lat'><strong>10</strong></span> <span class='ocrx_word' id='word_1_82' title='bbox 153 915 299 963; x_wconf 91' lang='lat' dir='ltr'><strong>modo</strong></span> <span class='ocrx_word' id='word_1_83' title='bbox 348 914 527 979; x_wconf 85' lang='lat' dir='ltr'><strong>dactyli</strong></span> <span class='ocrx_word' id='word_1_84' title='bbox 575 929 747 963; x_wconf 90' lang='lat' dir='ltr'><strong>omnes</strong></span> <span class='ocrx_word' id='word_1_85' title='bbox 801 915 988 963; x_wconf 90' lang='lat' dir='ltr'><strong>vitandi</strong></span> <span class='ocrx_word' id='word_1_86' title='bbox 1043 919 1171 964; x_wconf 89' lang='lat' dir='ltr'><strong>sunt.</strong></span> <span class='ocrx_word' id='word_1_87' title='bbox 1250 913 1532 978; x_wconf 86' lang='lat' dir='ltr'><strong>specialiter</strong></span> <span class='ocrx_word' id='word_1_88' title='bbox 1587 916 1719 963; x_wconf 91' lang='lat' dir='ltr'><strong>enim</strong></span> <span class='ocrx_word' id='word_1_89' title='bbox 1766 930 1851 963; x_wconf 91' lang='lat' dir='ltr'><strong>na-</strong></span> 
     </span>
     <span class='ocr_line' id='line_1_15' title="bbox 151 990 1851 1053; baseline -0.001 -15"><span class='ocrx_word' id='word_1_90' title='bbox 151 994 291 1038; x_wconf 85' lang='lat' dir='ltr'><strong>turae</strong></span> <span class='ocrx_word' id='word_1_91' title='bbox 349 1004 467 1038; x_wconf 88' lang='lat' dir='ltr'><strong>suae</strong></span> <span class='ocrx_word' id='word_1_92' title='bbox 531 990 880 1037; x_wconf 88' lang='lat' dir='ltr'><strong>contrarietate</strong></span> <span class='ocrx_word' id='word_1_93' title='bbox 941 994 1086 1053; x_wconf 92' lang='lat' dir='ltr'><strong>caput</strong></span> <span class='ocrx_word' id='word_1_94' title='bbox 1139 990 1415 1053; x_wconf 89' lang='lat' dir='ltr'><strong>inquietare</strong></span> <span class='ocrx_word' id='word_1_95' title='bbox 1472 994 1851 1038; x_wconf 91' lang='lat' dir='ltr'><strong>consueverunt.</strong></span> 
     </span>
     <span class='ocr_line' id='line_1_16' title="bbox 153 1062 1851 1129; baseline -0.001 -17"><span class='ocrx_word' id='word_1_96' title='bbox 153 1065 232 1112; x_wconf 91' lang='lat' dir='ltr'><strong>sin</strong></span> <span class='ocrx_word' id='word_1_97' title='bbox 271 1077 387 1112; x_wconf 90' lang='lat' dir='ltr'><strong>vero</strong></span> <span class='ocrx_word' id='word_1_98' title='bbox 437 1065 599 1111; x_wconf 92' lang='lat' dir='ltr'><strong>somni</strong></span> <span class='ocrx_word' id='word_1_99' title='bbox 639 1065 801 1112; x_wconf 90' lang='lat' dir='ltr'><strong>suavis</strong></span> <span class='ocrx_word' id='word_1_100' title='bbox 841 1064 986 1127; x_wconf 89' lang='lat' dir='ltr'><strong>potiti</strong></span> <span class='ocrx_word' id='word_1_101' title='bbox 1025 1078 1123 1112; x_wconf 90' lang='lat' dir='ltr'><strong>non</strong></span> <span class='ocrx_word' id='word_1_102' title='bbox 1164 1063 1363 1129; x_wconf 85' lang='lat' dir='ltr'><strong>fuerint,</strong></span> <span class='ocrx_word' id='word_1_103' title='bbox 1404 1068 1521 1111; x_wconf 90' lang='lat' dir='ltr'><strong>tunc</strong></span> <span class='ocrx_word' id='word_1_104' title='bbox 1562 1062 1621 1111; x_wconf 90' lang='lat' dir='ltr'><strong>ad</strong></span> <span class='ocrx_word' id='word_1_105' title='bbox 1660 1062 1851 1111; x_wconf 90' lang='lat' dir='ltr'><strong>lavacra</strong></span> 
     </span>
     <span class='ocr_line' id='line_1_17' title="bbox 153 1136 1848 1203; baseline -0.001 -17"><span class='ocrx_word' id='word_1_106' title='bbox 153 1136 309 1186; x_wconf 86' lang='lat' dir='ltr'><strong>calida</strong></span> <span class='ocrx_word' id='word_1_107' title='bbox 362 1139 591 1202; x_wconf 89' lang='lat' dir='ltr'><strong>protinus</strong></span> <span class='ocrx_word' id='word_1_108' title='bbox 648 1137 982 1186; x_wconf 89' lang='lat' dir='ltr'><strong>festinandum</strong></span> <span class='ocrx_word' id='word_1_109' title='bbox 1038 1143 1134 1203; x_wconf 90' lang='lat' dir='ltr'><strong>est,</strong></span> <span class='ocrx_word' id='word_1_110' title='bbox 1189 1138 1241 1185; x_wconf 93' lang='lat' dir='ltr'><strong>in</strong></span> <span class='ocrx_word' id='word_1_111' title='bbox 1298 1136 1479 1201; x_wconf 85' lang='lat' dir='ltr'><strong>quibus</strong></span> <span class='ocrx_word' id='word_1_112' title='bbox 1535 1152 1619 1185; x_wconf 88' lang='lat' dir='ltr'><strong>ore</strong></span> <span class='ocrx_word' id='word_1_113' title='bbox 1672 1151 1848 1201; x_wconf 89' lang='lat' dir='ltr'><strong>aquam</strong></span> 
     </span>
     <span class='ocr_line' id='line_1_18' title="bbox 153 1210 1850 1275; baseline -0.001 -15"><span class='ocrx_word' id='word_1_114' title='bbox 153 1211 361 1260; x_wconf 88' lang='lat' dir='ltr'><strong>calidam</strong></span> <span class='ocrx_word' id='word_1_115' title='bbox 401 1213 453 1260; x_wconf 92' lang='lat' dir='ltr'><strong>in</strong></span> <span class='ocrx_word' id='word_1_116' title='bbox 494 1210 632 1260; x_wconf 92' lang='lat' dir='ltr'><strong>cellis</strong></span> <span class='ocrx_word' id='word_1_117' title='bbox 673 1211 993 1260; x_wconf 88' lang='lat' dir='ltr'><strong>calidioribus</strong></span> <span class='ocrx_word' id='word_1_118' title='bbox 1036 1213 1340 1260; x_wconf 88' lang='lat' dir='ltr'><strong>sustinentes</strong></span> <span class='ocrx_word' id='word_1_119' title='bbox 1380 1226 1613 1275; x_wconf 92' lang='lat' dir='ltr'><strong>vaporem</strong></span> <span class='ocrx_word' id='word_1_120' title='bbox 1653 1226 1850 1260; x_wconf 90' lang='lat' dir='ltr'><strong>omnem</strong></span> 
     </span>
     <span class='ocr_line' id='line_1_19' title="bbox 86 1284 1849 1351; baseline -0.001 -17"><span class='ocrx_word' id='word_1_121' title='bbox 86 1294 127 1327; x_wconf 86' lang='lat'><strong>15</strong></span> <span class='ocrx_word' id='word_1_122' title='bbox 151 1287 426 1349; x_wconf 86' lang='lat' dir='ltr'><strong>transigant</strong></span> <span class='ocrx_word' id='word_1_123' title='bbox 472 1285 791 1334; x_wconf 87' lang='lat' dir='ltr'><strong>lavacrorum.</strong></span> <span class='ocrx_word' id='word_1_124' title='bbox 861 1287 903 1334; x_wconf 89' lang='lat' dir='ltr'><strong>si</strong></span> <span class='ocrx_word' id='word_1_125' title='bbox 951 1285 1010 1334; x_wconf 92' lang='lat' dir='ltr'><strong>ad</strong></span> <span class='ocrx_word' id='word_1_126' title='bbox 1059 1284 1284 1334; x_wconf 89' lang='lat' dir='ltr'><strong>ciborum</strong></span> <span class='ocrx_word' id='word_1_127' title='bbox 1324 1286 1705 1351; x_wconf 85' lang='lat' dir='ltr'><strong>continentiam,</strong></span> <span class='ocrx_word' id='word_1_128' title='bbox 1752 1285 1849 1333; x_wconf 88' lang='lat' dir='ltr'><strong>fre-</strong></span> 
     </span>
     <span class='ocr_line' id='line_1_20' title="bbox 153 1359 1850 1424; baseline -0.001 -15"><span class='ocrx_word' id='word_1_129' title='bbox 153 1361 405 1423; x_wconf 86' lang='lat' dir='ltr'><strong>quentiam</strong></span> <span class='ocrx_word' id='word_1_130' title='bbox 445 1359 751 1409; x_wconf 87' lang='lat' dir='ltr'><strong>lavacrorum</strong></span> <span class='ocrx_word' id='word_1_131' title='bbox 787 1366 836 1408; x_wconf 93' lang='lat' dir='ltr'><strong>et</strong></span> <span class='ocrx_word' id='word_1_132' title='bbox 875 1366 1039 1408; x_wconf 88' lang='lat' dir='ltr'><strong>cetera</strong></span> <span class='ocrx_word' id='word_1_133' title='bbox 1081 1359 1362 1424; x_wconf 89' lang='lat' dir='ltr'><strong>supradicta</strong></span> <span class='ocrx_word' id='word_1_134' title='bbox 1403 1359 1645 1408; x_wconf 89' lang='lat' dir='ltr'><strong>adiutoria</strong></span> <span class='ocrx_word' id='word_1_135' title='bbox 1684 1361 1850 1408; x_wconf 88' lang='lat' dir='ltr'><strong>minus</strong></span> 
     </span>
    </p>
   </div>
   <div class='ocr_carea' id='block_1_6' title="bbox 141 1560 1852 2983">
    <p class='ocr_par' dir='ltr' id='par_1_7' title="bbox 274 1560 1849 1618">
     <span class='ocr_line' id='line_1_21' title="bbox 274 1560 1849 1618; baseline 0 -14"><span class='ocrx_word' id='word_1_136' title='bbox 274 1566 294 1604; x_wconf 92' lang='lat'>1</span> <span class='ocrx_word' id='word_1_137' title='bbox 340 1561 477 1618; x_wconf 89' lang='lat' dir='ltr'><strong>panis</strong></span> <span class='ocrx_word' id='word_1_138' title='bbox 518 1575 574 1605; x_wconf 91' lang='lat' dir='ltr'><strong>ex</strong></span> <span class='ocrx_word' id='word_1_139' title='bbox 615 1574 739 1617; x_wconf 89' lang='lat' dir='ltr'><strong>aqua</strong></span> <span class='ocrx_word' id='word_1_140' title='bbox 771 1575 808 1605; x_wconf 88' lang='lat' dir='ltr'>c.</span> <span class='ocrx_word' id='word_1_141' title='bbox 849 1561 1030 1605; x_wconf 86' lang='lat' dir='ltr'><strong>infusus</strong></span> <span class='ocrx_word' id='word_1_142' title='bbox 1065 1562 1090 1606; x_wconf 94' lang='lat' dir='ltr'>b</span> <span class='ocrx_word' id='word_1_143' title='bbox 1117 1562 1201 1617; x_wconf 79' lang='lat' dir='ltr'><strong>(vel</strong></span> <span class='ocrx_word' id='word_1_144' title='bbox 1238 1560 1392 1605; x_wconf 84' lang='lat' dir='ltr'><strong>elutus</strong></span> <span class='ocrx_word' id='word_1_145' title='bbox 1427 1561 1544 1606; x_wconf 80' lang='lat' dir='ltr'><strong>Cael.</strong></span> <span class='ocrx_word' id='word_1_146' title='bbox 1586 1561 1679 1605; x_wconf 80' lang='lat' dir='ltr'><strong>chr.</strong></span> <span class='ocrx_word' id='word_1_147' title='bbox 1705 1565 1849 1616; x_wconf 81' lang='lat'>1,12.</span> 
     </span>
    </p>

    <p class='ocr_par' dir='ltr' id='par_1_8' title="bbox 141 1616 1852 2983">
     <span class='ocr_line' id='line_1_22' title="bbox 149 1616 1850 1678; baseline -0.001 -13"><span class='ocrx_word' id='word_1_148' title='bbox 149 1621 227 1665; x_wconf 77' lang='lat' dir='ltr'><strong>sed</strong></span> <span class='ocrx_word' id='word_1_149' title='bbox 265 1616 313 1674; x_wconf 75' lang='grc' dir='ltr'><strong>ἐξ</strong></span> <span class='ocrx_word' id='word_1_150' title='bbox 353 1619 525 1671; x_wconf 75' lang='grc' dir='ltr'><em>ὕδατος</em></span> <span class='ocrx_word' id='word_1_151' title='bbox 565 1620 703 1678; x_wconf 78' lang='grc' dir='ltr'><em>ἄρτος</em></span> <span class='ocrx_word' id='word_1_152' title='bbox 744 1622 891 1678; x_wconf 74' lang='lat' dir='ltr'><strong>simpl.</strong></span> <span class='ocrx_word' id='word_1_153' title='bbox 926 1627 968 1666; x_wconf 81' lang='lat' dir='ltr'><strong>et</strong></span> <span class='ocrx_word' id='word_1_154' title='bbox 998 1621 1074 1666; x_wconf 84' lang='lat' dir='ltr'><strong>PS.</strong></span> <span class='ocrx_word' id='word_1_155' title='bbox 1113 1621 1215 1666; x_wconf 78' lang='lat' dir='ltr'><strong>Gal</strong></span> <span class='ocrx_word' id='word_1_156' title='bbox 1243 1643 1299 1657; x_wconf 91' lang='lat'><strong><em>=</em></strong></span> <span class='ocrx_word' id='word_1_157' title='bbox 1325 1620 1379 1664; x_wconf 82' lang='lat' dir='ltr'><strong><em>G</em></strong></span> <span class='ocrx_word' id='word_1_158' title='bbox 1407 1622 1528 1675; x_wconf 86' lang='lat' dir='ltr'><strong>XII,</strong></span> <span class='ocrx_word' id='word_1_159' title='bbox 1561 1624 1671 1677; x_wconf 85' lang='lat'><strong>516,</strong></span> <span class='ocrx_word' id='word_1_160' title='bbox 1711 1619 1850 1676; x_wconf 76' lang='grc' dir='ltr'><strong><em>ἄρτος</em></strong></span> 
     </span>
     <span class='ocr_line' id='line_1_23' title="bbox 149 1679 1852 1738; baseline -0.001 -15"><span class='ocrx_word' id='word_1_161' title='bbox 149 1679 318 1731; x_wconf 69' lang='grc' dir='ltr'><em>πλωτός</em></span> <span class='ocrx_word' id='word_1_162' title='bbox 350 1680 453 1725; x_wconf 77' lang='lat' dir='ltr'>Gal.</span> <span class='ocrx_word' id='word_1_163' title='bbox 489 1681 570 1738; x_wconf 86' lang='lat' dir='ltr'><strong>VI,</strong></span> <span class='ocrx_word' id='word_1_164' title='bbox 603 1684 707 1725; x_wconf 86' lang='lat'><strong>494</strong></span> <span class='ocrx_word' id='word_1_165' title='bbox 734 1681 827 1736; x_wconf 84' lang='lat' dir='ltr'><strong>XI,</strong></span> <span class='ocrx_word' id='word_1_166' title='bbox 850 1682 980 1737; x_wconf 81' lang='grc'>495)·</span> <span class='ocrx_word' id='word_1_167' title='bbox 1013 1694 1159 1737; x_wconf 88' lang='lat' dir='ltr'><strong>panes</strong></span> <span class='ocrx_word' id='word_1_168' title='bbox 1191 1680 1390 1724; x_wconf 85' lang='lat' dir='ltr'><strong>mundos</strong></span> <span class='ocrx_word' id='word_1_169' title='bbox 1424 1693 1480 1723; x_wconf 88' lang='lat' dir='ltr'><strong>ex</strong></span> <span class='ocrx_word' id='word_1_170' title='bbox 1504 1693 1543 1725; x_wconf 91' lang='lat' dir='ltr'><strong>a.</strong></span> <span class='ocrx_word' id='word_1_171' title='bbox 1571 1693 1608 1724; x_wconf 91' lang='lat' dir='ltr'>c.</span> <span class='ocrx_word' id='word_1_172' title='bbox 1633 1695 1671 1735; x_wconf 78' lang='lat' dir='ltr'><strong>r,</strong></span> <span class='ocrx_word' id='word_1_173' title='bbox 1702 1692 1852 1736; x_wconf 86' lang='lat' dir='ltr'><strong>panes</strong></span> 
     </span>
     <span class='ocr_line' id='line_1_24' title="bbox 151 1738 1849 1815; baseline 0 -32"><span class='ocrx_word' id='word_1_174' title='bbox 151 1753 207 1783; x_wconf 86' lang='lat' dir='ltr'><strong>ex</strong></span> <span class='ocrx_word' id='word_1_175' title='bbox 246 1754 319 1795; x_wconf 91' lang='lat' dir='ltr'><strong>aq.</strong></span> <span class='ocrx_word' id='word_1_176' title='bbox 355 1754 390 1784; x_wconf 92' lang='lat' dir='ltr'>c.</span> <span class='ocrx_word' id='word_1_177' title='bbox 425 1741 483 1785; x_wconf 89' lang='grc' dir='ltr'>Β</span> <span class='ocrx_word' id='word_1_178' title='bbox 704 1744 729 1783; x_wconf 82' lang='lat'>2</span> <span class='ocrx_word' id='word_1_179' title='bbox 764 1739 922 1784; x_wconf 90' lang='lat' dir='ltr'><strong>caules</strong></span> <span class='ocrx_word' id='word_1_180' title='bbox 956 1738 1158 1783; x_wconf 88' lang='lat' dir='ltr'><strong>decocti:</strong></span> <span class='ocrx_word' id='word_1_181' title='bbox 1191 1741 1257 1785; x_wconf 81' lang='lat' dir='ltr'><strong>sic</strong></span> <span class='ocrx_word' id='word_1_182' title='bbox 1287 1738 1612 1815; x_wconf 74' lang='grc' dir='ltr'><em>νΒόζκράμβη</em></span> <span class='ocrx_word' id='word_1_183' title='bbox 1647 1739 1723 1783; x_wconf 88' lang='grc' dir='ltr'><strong>Ρ3.</strong></span> <span class='ocrx_word' id='word_1_184' title='bbox 1760 1739 1849 1795; x_wconf 59' lang='grc' dir='ltr'><strong>(ἦ).</strong></span> 
     </span>
     <span class='ocr_line' id='line_1_25' title="bbox 149 1794 1705 1856; baseline -0.001 -13"><span class='ocrx_word' id='word_1_185' title='bbox 149 1800 441 1843; x_wconf 70' lang='lat' dir='ltr'><strong>lactucarum</strong></span> <span class='ocrx_word' id='word_1_186' title='bbox 471 1800 516 1844; x_wconf 91' lang='lat' dir='ltr'><strong>b.</strong></span> <span class='ocrx_word' id='word_1_187' title='bbox 551 1798 604 1843; x_wconf 85' lang='lat' dir='ltr'>fr.</span> <span class='ocrx_word' id='word_1_188' title='bbox 631 1821 687 1835; x_wconf 86' lang='lat'><strong><em>=</em></strong></span> <span class='ocrx_word' id='word_1_189' title='bbox 711 1801 970 1856; x_wconf 77' lang='grc' dir='ltr'><em>θριδακίνῃ</em></span> <span class='ocrx_word' id='word_1_190' title='bbox 1004 1815 1053 1843; x_wconf 84' lang='grc' dir='ltr'><strong>τε</strong></span> <span class='ocrx_word' id='word_1_191' title='bbox 1087 1799 1146 1849; x_wconf 81' lang='grc' dir='ltr'><strong>ὡς</strong></span> <span class='ocrx_word' id='word_1_192' title='bbox 1179 1794 1455 1856; x_wconf 78' lang='grc' dir='ltr'><em>ἕμψυχουσα</em></span> <span class='ocrx_word' id='word_1_193' title='bbox 1486 1800 1562 1843; x_wconf 87' lang='grc' dir='ltr'><strong>Ρ3.</strong></span> <span class='ocrx_word' id='word_1_194' title='bbox 1600 1798 1705 1843; x_wconf 76' lang='lat' dir='ltr'>Gal.</span> 
     </span>
     <span class='ocr_line' id='line_1_26' title="bbox 150 1855 1849 1914; baseline -0.002 -12"><span class='ocrx_word' id='word_1_195' title='bbox 150 1863 176 1901; x_wconf 91' lang='lat'><strong>3</strong></span> <span class='ocrx_word' id='word_1_196' title='bbox 210 1858 385 1902; x_wconf 81' lang='lat' dir='ltr'><strong>etenim</strong></span> <span class='ocrx_word' id='word_1_197' title='bbox 416 1860 495 1903; x_wconf 82' lang='lat' dir='ltr'><strong>rb:</strong></span> <span class='ocrx_word' id='word_1_198' title='bbox 537 1858 683 1902; x_wconf 83' lang='lat' dir='ltr'><strong>etiam</strong></span> <span class='ocrx_word' id='word_1_199' title='bbox 721 1860 780 1902; x_wconf 91' lang='grc' dir='ltr'><strong>Β.</strong></span> <span class='ocrx_word' id='word_1_200' title='bbox 964 1863 989 1901; x_wconf 85' lang='grc'>5</span> <span class='ocrx_word' id='word_1_201' title='bbox 1032 1858 1273 1914; x_wconf 89' lang='lat' dir='ltr'><strong>potionem</strong></span> <span class='ocrx_word' id='word_1_202' title='bbox 1321 1857 1522 1901; x_wconf 82' lang='lat' dir='ltr'><strong>diximus</strong></span> <span class='ocrx_word' id='word_1_203' title='bbox 1569 1855 1849 1901; x_wconf 88' lang='lat' dir='ltr'><strong>beneficium</strong></span> 
     </span>
     <span class='ocr_line' id='line_1_27' title="bbox 148 1916 1849 1975; baseline -0.001 -15"><span class='ocrx_word' id='word_1_204' title='bbox 148 1917 408 1961; x_wconf 72' lang='lat' dir='ltr'><strong>ministraii</strong></span> <span class='ocrx_word' id='word_1_205' title='bbox 438 1933 483 1963; x_wconf 75' lang='lat' dir='ltr'><strong>r:</strong></span> <span class='ocrx_word' id='word_1_206' title='bbox 523 1933 567 1975; x_wconf 89' lang='lat' dir='ltr'><strong>p.</strong></span> <span class='ocrx_word' id='word_1_207' title='bbox 611 1917 813 1960; x_wconf 82' lang='lat' dir='ltr'><strong>diximus</strong></span> <span class='ocrx_word' id='word_1_208' title='bbox 852 1916 1110 1960; x_wconf 88' lang='lat' dir='ltr'><strong>ministrari</strong></span> <span class='ocrx_word' id='word_1_209' title='bbox 1143 1919 1188 1973; x_wconf 88' lang='lat' dir='ltr'><strong>b,</strong></span> <span class='ocrx_word' id='word_1_210' title='bbox 1232 1933 1276 1974; x_wconf 85' lang='lat' dir='ltr'>p.</span> <span class='ocrx_word' id='word_1_211' title='bbox 1313 1918 1354 1962; x_wconf 88' lang='lat' dir='ltr'>d.</span> <span class='ocrx_word' id='word_1_212' title='bbox 1395 1930 1533 1974; x_wconf 83' lang='lat' dir='ltr'><strong>posse</strong></span> <span class='ocrx_word' id='word_1_213' title='bbox 1570 1916 1849 1960; x_wconf 86' lang='lat' dir='ltr'><strong>beneficium</strong></span> 
     </span>
     <span class='ocr_line' id='line_1_28' title="bbox 148 1976 1846 2022; baseline 0 -2"><span class='ocrx_word' id='word_1_214' title='bbox 148 1976 416 2021; x_wconf 87' lang='lat' dir='ltr'><strong>ministrare</strong></span> <span class='ocrx_word' id='word_1_215' title='bbox 440 1978 499 2022; x_wconf 90' lang='lat' dir='ltr'><strong>B.</strong></span> <span class='ocrx_word' id='word_1_216' title='bbox 598 1981 624 2019; x_wconf 83' lang='lat'><strong>6</strong></span> <span class='ocrx_word' id='word_1_217' title='bbox 649 1976 704 2021; x_wconf 87' lang='lat' dir='ltr'>fr.</span> <span class='ocrx_word' id='word_1_218' title='bbox 730 1976 1070 2020; x_wconf 88' lang='lat' dir='ltr'><strong>intendendum</strong></span> <span class='ocrx_word' id='word_1_219' title='bbox 1093 1977 1191 2021; x_wconf 71' lang='lat' dir='ltr'><strong>rB:</strong></span> <span class='ocrx_word' id='word_1_220' title='bbox 1226 1976 1410 2020; x_wconf 87' lang='lat' dir='ltr'><strong>cautius</strong></span> <span class='ocrx_word' id='word_1_221' title='bbox 1444 1976 1783 2020; x_wconf 90' lang='lat' dir='ltr'><strong>attendendum</strong></span> <span class='ocrx_word' id='word_1_222' title='bbox 1808 1976 1846 2020; x_wconf 90' lang='lat' dir='ltr'>b.</span> 
     </span>
     <span class='ocr_line' id='line_1_29' title="bbox 151 2035 1849 2093; baseline -0.001 -14"><span class='ocrx_word' id='word_1_223' title='bbox 151 2040 176 2079; x_wconf 81' lang='lat'><strong>7</strong></span> <span class='ocrx_word' id='word_1_224' title='bbox 210 2036 381 2080; x_wconf 87' lang='lat' dir='ltr'><strong>solutio</strong></span> <span class='ocrx_word' id='word_1_225' title='bbox 412 2051 448 2081; x_wconf 77' lang='lat' dir='ltr'>r.</span> <span class='ocrx_word' id='word_1_226' title='bbox 624 2041 649 2080; x_wconf 83' lang='lat'>8</span> <span class='ocrx_word' id='word_1_227' title='bbox 682 2035 895 2093; x_wconf 88' lang='lat' dir='ltr'><strong>apiorum</strong></span> <span class='ocrx_word' id='word_1_228' title='bbox 925 2038 955 2080; x_wconf 78' lang='lat' dir='ltr'>i.</span> <span class='ocrx_word' id='word_1_229' title='bbox 989 2035 1198 2092; x_wconf 89' lang='lat' dir='ltr'><strong>pirorum</strong></span> <span class='ocrx_word' id='word_1_230' title='bbox 1231 2037 1304 2092; x_wconf 82' lang='lat' dir='ltr'>(cf.</span> <span class='ocrx_word' id='word_1_231' title='bbox 1338 2037 1415 2080; x_wconf 76' lang='lat' dir='ltr'>Ps.</span> <span class='ocrx_word' id='word_1_232' title='bbox 1453 2037 1556 2080; x_wconf 79' lang='lat' dir='ltr'>Gal.</span> <span class='ocrx_word' id='word_1_233' title='bbox 1583 2035 1723 2091; x_wconf 89' lang='lat' dir='ltr'><strong>XIV,</strong></span> <span class='ocrx_word' id='word_1_234' title='bbox 1757 2038 1849 2079; x_wconf 86' lang='grc'><strong>318</strong></span> 
     </span>
     <span class='ocr_line' id='line_1_30' title="bbox 149 2094 1847 2152; baseline -0.003 -11"><span class='ocrx_word' id='word_1_235' title='bbox 149 2111 205 2141; x_wconf 77' lang='lat' dir='ltr'><strong>ex</strong></span> <span class='ocrx_word' id='word_1_236' title='bbox 239 2095 343 2141; x_wconf 75' lang='lat' dir='ltr'>Gal.</span> <span class='ocrx_word' id='word_1_237' title='bbox 371 2096 491 2152; x_wconf 85' lang='lat' dir='ltr'><strong>XII,</strong></span> <span class='ocrx_word' id='word_1_238' title='bbox 525 2098 642 2152; x_wconf 84' lang='lat'>517).</span> <span class='ocrx_word' id='word_1_239' title='bbox 759 2094 1038 2138; x_wconf 85' lang='lat' dir='ltr'><strong>citoniorum</strong></span> <span class='ocrx_word' id='word_1_240' title='bbox 1068 2095 1114 2138; x_wconf 93' lang='grc' dir='ltr'><strong><em>Β</em></strong></span> <span class='ocrx_word' id='word_1_241' title='bbox 1138 2100 1180 2139; x_wconf 80' lang='lat' dir='ltr'><strong>et</strong></span> <span class='ocrx_word' id='word_1_242' title='bbox 1203 2096 1325 2151; x_wconf 72' lang='lat' dir='ltr'><strong>(ante</strong></span> <span class='ocrx_word' id='word_1_243' title='bbox 1355 2096 1438 2152; x_wconf 75' lang='lat' dir='ltr'><strong>ips.</strong></span> <span class='ocrx_word' id='word_1_244' title='bbox 1472 2096 1603 2150; x_wconf 79' lang='lat' dir='ltr'><strong>corr.)</strong></span> <span class='ocrx_word' id='word_1_245' title='bbox 1637 2095 1676 2139; x_wconf 91' lang='lat' dir='ltr'>b.</span> <span class='ocrx_word' id='word_1_246' title='bbox 1769 2094 1847 2137; x_wconf 89' lang='lat' dir='ltr'><strong>de-</strong></span> 
     </span>
     <span class='ocr_line' id='line_1_31' title="bbox 149 2153 1846 2212; baseline 0 -14"><span class='ocrx_word' id='word_1_247' title='bbox 149 2155 360 2199; x_wconf 82' lang='lat' dir='ltr'><strong>coctione</strong></span> <span class='ocrx_word' id='word_1_248' title='bbox 391 2170 433 2199; x_wconf 89' lang='lat' dir='ltr'>v.</span> <span class='ocrx_word' id='word_1_249' title='bbox 470 2169 535 2212; x_wconf 86' lang='lat' dir='ltr'><strong>sp.</strong></span> <span class='ocrx_word' id='word_1_250' title='bbox 571 2153 831 2198; x_wconf 90' lang='lat' dir='ltr'><strong>emittenda</strong></span> <span class='ocrx_word' id='word_1_251' title='bbox 861 2163 910 2210; x_wconf 83' lang='lat' dir='ltr'><strong>r·‚</strong></span> <span class='ocrx_word' id='word_1_252' title='bbox 945 2153 1214 2198; x_wconf 81' lang='lat' dir='ltr'><strong>decoctione</strong></span> <span class='ocrx_word' id='word_1_253' title='bbox 1245 2169 1288 2199; x_wconf 89' lang='lat' dir='ltr'>v.</span> <span class='ocrx_word' id='word_1_254' title='bbox 1323 2169 1356 2199; x_wconf 84' lang='lat' dir='ltr'><strong>s,</strong></span> <span class='ocrx_word' id='word_1_255' title='bbox 1392 2153 1687 2198; x_wconf 89' lang='lat' dir='ltr'><strong>emendanda</strong></span> <span class='ocrx_word' id='word_1_256' title='bbox 1719 2154 1744 2197; x_wconf 93' lang='lat' dir='ltr'>b</span> <span class='ocrx_word' id='word_1_257' title='bbox 1769 2153 1846 2209; x_wconf 81' lang='lat' dir='ltr'>(cf.</span> 
     </span>
     <span class='ocr_line' id='line_1_32' title="bbox 151 2211 1846 2271; baseline -0.002 -12"><span class='ocrx_word' id='word_1_258' title='bbox 151 2215 256 2260; x_wconf 72' lang='lat' dir='ltr'>Gal.</span> <span class='ocrx_word' id='word_1_259' title='bbox 283 2215 404 2270; x_wconf 87' lang='lat' dir='ltr'><strong>XII,</strong></span> <span class='ocrx_word' id='word_1_260' title='bbox 429 2216 557 2271; x_wconf 74' lang='lat'><strong><em>517)=</em></strong></span> <span class='ocrx_word' id='word_1_261' title='bbox 590 2213 856 2257; x_wconf 86' lang='lat' dir='ltr'><strong>decoctioni</strong></span> <span class='ocrx_word' id='word_1_262' title='bbox 886 2229 929 2258; x_wconf 93' lang='lat' dir='ltr'>v.</span> <span class='ocrx_word' id='word_1_263' title='bbox 965 2228 1030 2271; x_wconf 88' lang='lat' dir='ltr'><strong>sp.</strong></span> <span class='ocrx_word' id='word_1_264' title='bbox 1066 2212 1350 2257; x_wconf 88' lang='lat' dir='ltr'><strong>inmittenda</strong></span> <span class='ocrx_word' id='word_1_265' title='bbox 1381 2213 1439 2258; x_wconf 92' lang='grc' dir='ltr'><strong>Β.</strong></span> <span class='ocrx_word' id='word_1_266' title='bbox 1594 2218 1619 2256; x_wconf 86' lang='grc'>9</span> <span class='ocrx_word' id='word_1_267' title='bbox 1653 2211 1734 2268; x_wconf 90' lang='lat' dir='ltr'><strong>qui</strong></span> <span class='ocrx_word' id='word_1_268' title='bbox 1761 2249 1768 2256; x_wconf 96' lang='lat'><strong>.</strong></span> <span class='ocrx_word' id='word_1_269' title='bbox 1798 2226 1805 2256; x_wconf 81' lang='lat'><strong>.</strong></span> <span class='ocrx_word' id='word_1_270' title='bbox 1836 2249 1846 2256; x_wconf 90' lang='lat'><strong>.</strong></span> 
     </span>
     <span class='ocr_line' id='line_1_33' title="bbox 147 2272 1845 2318; baseline -0.002 0"><span class='ocrx_word' id='word_1_271' title='bbox 147 2274 340 2318; x_wconf 91' lang='lat' dir='ltr'><strong>valeant</strong></span> <span class='ocrx_word' id='word_1_272' title='bbox 370 2289 407 2318; x_wconf 82' lang='lat' dir='ltr'>r.</span> <span class='ocrx_word' id='word_1_273' title='bbox 613 2273 740 2317; x_wconf 91' lang='lat' dir='ltr'><strong>omni</strong></span> <span class='ocrx_word' id='word_1_274' title='bbox 771 2273 910 2316; x_wconf 87' lang='lat' dir='ltr'><strong>modo</strong></span> <span class='ocrx_word' id='word_1_275' title='bbox 941 2273 1035 2318; x_wconf 67' lang='lat' dir='ltr'><strong>rB=</strong></span> <span class='ocrx_word' id='word_1_276' title='bbox 1069 2272 1255 2316; x_wconf 90' lang='lat' dir='ltr'><strong>omnino</strong></span> <span class='ocrx_word' id='word_1_277' title='bbox 1290 2274 1329 2318; x_wconf 92' lang='lat' dir='ltr'>b.</span> <span class='ocrx_word' id='word_1_278' title='bbox 1506 2277 1559 2316; x_wconf 88' lang='grc'>10</span> <span class='ocrx_word' id='word_1_279' title='bbox 1590 2287 1635 2316; x_wconf 88' lang='grc'><strong>11.</strong></span> <span class='ocrx_word' id='word_1_280' title='bbox 1670 2286 1704 2316; x_wconf 85' lang='lat' dir='ltr'><strong>S.</strong></span> <span class='ocrx_word' id='word_1_281' title='bbox 1738 2285 1845 2315; x_wconf 91' lang='lat' dir='ltr'><strong>con-</strong></span> 
     </span>
     <span class='ocr_line' id='line_1_34' title="bbox 146 2331 1845 2390; baseline -0.001 -13"><span class='ocrx_word' id='word_1_282' title='bbox 146 2333 392 2378; x_wconf 73' lang='lat' dir='ltr'><strong>trarietate</strong></span> <span class='ocrx_word' id='word_1_283' title='bbox 426 2334 525 2390; x_wconf 81' lang='lat' dir='ltr'><strong>(sic)</strong></span> <span class='ocrx_word' id='word_1_284' title='bbox 557 2333 642 2377; x_wconf 72' lang='lat' dir='ltr'>rB.</span> <span class='ocrx_word' id='word_1_285' title='bbox 738 2337 790 2375; x_wconf 92' lang='grc'><strong>11</strong></span> <span class='ocrx_word' id='word_1_286' title='bbox 819 2333 962 2389; x_wconf 91' lang='lat' dir='ltr'><strong>caput</strong></span> <span class='ocrx_word' id='word_1_287' title='bbox 992 2331 1256 2388; x_wconf 90' lang='lat' dir='ltr'><strong>inquietare</strong></span> <span class='ocrx_word' id='word_1_288' title='bbox 1288 2347 1333 2377; x_wconf 79' lang='lat' dir='ltr'>r.</span> <span class='ocrx_word' id='word_1_289' title='bbox 1374 2345 1457 2376; x_wconf 88' lang='lat' dir='ltr'><strong>om.</strong></span> <span class='ocrx_word' id='word_1_290' title='bbox 1491 2332 1550 2387; x_wconf 93' lang='grc' dir='ltr'><strong>Β,</strong></span> <span class='ocrx_word' id='word_1_291' title='bbox 1590 2332 1672 2376; x_wconf 78' lang='lat' dir='ltr'><strong>ubi</strong></span> <span class='ocrx_word' id='word_1_292' title='bbox 1701 2331 1766 2375; x_wconf 81' lang='lat' dir='ltr'><strong>sic</strong></span> <span class='ocrx_word' id='word_1_293' title='bbox 1798 2331 1845 2375; x_wconf 89' lang='lat' dir='ltr'>b:</span> 
     </span>
     <span class='ocr_line' id='line_1_35' title="bbox 148 2391 1846 2450; baseline -0.002 -13"><span class='ocrx_word' id='word_1_294' title='bbox 148 2392 322 2437; x_wconf 83' lang='lat' dir='ltr'><strong>etenim</strong></span> <span class='ocrx_word' id='word_1_295' title='bbox 362 2393 504 2450; x_wconf 87' lang='lat' dir='ltr'><strong>caput</strong></span> <span class='ocrx_word' id='word_1_296' title='bbox 535 2391 799 2448; x_wconf 88' lang='lat' dir='ltr'><strong>inquietare</strong></span> <span class='ocrx_word' id='word_1_297' title='bbox 831 2393 1113 2436; x_wconf 85' lang='lat' dir='ltr'><strong>consuerunt</strong></span> <span class='ocrx_word' id='word_1_298' title='bbox 1145 2392 1236 2448; x_wconf 89' lang='grc' dir='ltr'><em>(Ρ3.</em></span> <span class='ocrx_word' id='word_1_299' title='bbox 1268 2392 1371 2436; x_wconf 78' lang='lat' dir='ltr'>Gal.</span> <span class='ocrx_word' id='word_1_300' title='bbox 1405 2392 1461 2445; x_wconf 80' lang='lat' dir='ltr'><strong>cf.</strong></span> <span class='ocrx_word' id='word_1_301' title='bbox 1496 2391 1651 2435; x_wconf 71' lang='lat' dir='ltr'><strong>Dio-sc</strong></span> <span class='ocrx_word' id='word_1_302' title='bbox 1677 2404 1728 2446; x_wconf 75' lang='lat' dir='ltr'>p.</span> <span class='ocrx_word' id='word_1_303' title='bbox 1755 2393 1846 2434; x_wconf 90' lang='lat'><strong>140</strong></span> 
     </span>
     <span class='ocr_line' id='line_1_36' title="bbox 147 2450 1848 2509; baseline -0.002 -13"><span class='ocrx_word' id='word_1_304' title='bbox 147 2454 485 2509; x_wconf 77' lang='grc' dir='ltr'><strong><em>κεφαλαλγεῖς).</em></strong></span> <span class='ocrx_word' id='word_1_305' title='bbox 519 2453 568 2496; x_wconf 93' lang='lat' dir='ltr'><strong>et</strong></span> <span class='ocrx_word' id='word_1_306' title='bbox 600 2451 841 2495; x_wconf 83' lang='lat' dir='ltr'><strong>stomacho</strong></span> <span class='ocrx_word' id='word_1_307' title='bbox 874 2450 1098 2495; x_wconf 88' lang='lat' dir='ltr'><strong>contrarii</strong></span> <span class='ocrx_word' id='word_1_308' title='bbox 1128 2450 1400 2508; x_wconf 80' lang='lat' dir='ltr'><strong>probantur</strong></span> <span class='ocrx_word' id='word_1_309' title='bbox 1506 2450 1848 2493; x_wconf 85' lang='lat' dir='ltr'><strong>consueverunt</strong></span> 
     </span>
     <span class='ocr_line' id='line_1_37' title="bbox 146 2507 1846 2566; baseline -0.004 -10"><span class='ocrx_word' id='word_1_310' title='bbox 146 2528 191 2557; x_wconf 79' lang='lat' dir='ltr'><strong>r:</strong></span> <span class='ocrx_word' id='word_1_311' title='bbox 227 2513 479 2555; x_wconf 86' lang='lat' dir='ltr'><strong>—suerunt</strong></span> <span class='ocrx_word' id='word_1_312' title='bbox 509 2512 603 2556; x_wconf 87' lang='lat' dir='ltr'><strong>Bb.</strong></span> <span class='ocrx_word' id='word_1_313' title='bbox 817 2515 871 2554; x_wconf 83' lang='lat'><strong>12</strong></span> <span class='ocrx_word' id='word_1_314' title='bbox 914 2510 996 2555; x_wconf 82' lang='lat' dir='ltr'><strong>Sin</strong></span> <span class='ocrx_word' id='word_1_315' title='bbox 1033 2524 1143 2555; x_wconf 91' lang='lat' dir='ltr'><strong>vero</strong></span> <span class='ocrx_word' id='word_1_316' title='bbox 1184 2509 1334 2554; x_wconf 89' lang='lat' dir='ltr'><strong>somni</strong></span> <span class='ocrx_word' id='word_1_317' title='bbox 1374 2508 1531 2553; x_wconf 88' lang='lat' dir='ltr'><strong>suavis</strong></span> <span class='ocrx_word' id='word_1_318' title='bbox 1570 2507 1713 2566; x_wconf 89' lang='lat' dir='ltr'><strong>potiti</strong></span> <span class='ocrx_word' id='word_1_319' title='bbox 1750 2521 1846 2551; x_wconf 91' lang='lat' dir='ltr'><strong>non</strong></span> 
     </span>
     <span class='ocr_line' id='line_1_38' title="bbox 146 2565 1845 2627; baseline -0.002 -14"><span class='ocrx_word' id='word_1_320' title='bbox 146 2570 322 2614; x_wconf 89' lang='lat' dir='ltr'><strong>fuerint</strong></span> <span class='ocrx_word' id='word_1_321' title='bbox 352 2587 396 2616; x_wconf 74' lang='lat' dir='ltr'><strong>r:</strong></span> <span class='ocrx_word' id='word_1_322' title='bbox 432 2570 514 2615; x_wconf 83' lang='lat' dir='ltr'><strong>Sin</strong></span> <span class='ocrx_word' id='word_1_323' title='bbox 543 2584 652 2615; x_wconf 90' lang='lat' dir='ltr'><strong>vero</strong></span> <span class='ocrx_word' id='word_1_324' title='bbox 686 2569 901 2614; x_wconf 86' lang='lat' dir='ltr'><strong>omnibus</strong></span> <span class='ocrx_word' id='word_1_325' title='bbox 943 2583 1028 2613; x_wconf 89' lang='lat' dir='ltr'><strong>sua</strong></span> <span class='ocrx_word' id='word_1_326' title='bbox 1065 2569 1202 2613; x_wconf 89' lang='lat' dir='ltr'><strong>vibus</strong></span> <span class='ocrx_word' id='word_1_327' title='bbox 1233 2568 1449 2627; x_wconf 89' lang='lat' dir='ltr'><strong>potiones</strong></span> <span class='ocrx_word' id='word_1_328' title='bbox 1480 2567 1656 2612; x_wconf 88' lang='lat' dir='ltr'><strong>fuerint</strong></span> <span class='ocrx_word' id='word_1_329' title='bbox 1686 2568 1752 2623; x_wconf 91' lang='lat' dir='ltr'><strong>B,</strong></span> <span class='ocrx_word' id='word_1_330' title='bbox 1794 2565 1845 2611; x_wconf 81' lang='lat' dir='ltr'><strong>Si</strong></span> 
     </span>
     <span class='ocr_line' id='line_1_39' title="bbox 146 2627 1846 2686; baseline -0.002 -12"><span class='ocrx_word' id='word_1_331' title='bbox 146 2644 256 2674; x_wconf 89' lang='lat' dir='ltr'><strong>vero</strong></span> <span class='ocrx_word' id='word_1_332' title='bbox 297 2630 449 2674; x_wconf 90' lang='lat' dir='ltr'><strong>somni</strong></span> <span class='ocrx_word' id='word_1_333' title='bbox 489 2643 654 2675; x_wconf 81' lang='lat' dir='ltr'><strong>suaves</strong></span> <span class='ocrx_word' id='word_1_334' title='bbox 693 2644 789 2674; x_wconf 90' lang='lat' dir='ltr'><strong>non</strong></span> <span class='ocrx_word' id='word_1_335' title='bbox 825 2629 1001 2673; x_wconf 86' lang='lat' dir='ltr'><strong>fuerint</strong></span> <span class='ocrx_word' id='word_1_336' title='bbox 1033 2630 1058 2673; x_wconf 94' lang='lat' dir='ltr'>b</span> <span class='ocrx_word' id='word_1_337' title='bbox 1090 2630 1164 2685; x_wconf 79' lang='lat' dir='ltr'>(cf.</span> <span class='ocrx_word' id='word_1_338' title='bbox 1196 2643 1252 2686; x_wconf 70' lang='lat'><strong>92·</strong></span> <span class='ocrx_word' id='word_1_339' title='bbox 1255 2630 1296 2686; x_wconf 92' lang='lat'><strong>).</strong></span> <span class='ocrx_word' id='word_1_340' title='bbox 1343 2629 1452 2673; x_wconf 82' lang='lat' dir='ltr'><strong>haec</strong></span> <span class='ocrx_word' id='word_1_341' title='bbox 1488 2629 1602 2672; x_wconf 76' lang='lat' dir='ltr'><strong>mire</strong></span> <span class='ocrx_word' id='word_1_342' title='bbox 1639 2627 1846 2682; x_wconf 76' lang='lat' dir='ltr'><strong>corrupit</strong></span> 
     </span>
     <span class='ocr_line' id='line_1_40' title="bbox 146 2684 1845 2744; baseline -0.002 -12"><span class='ocrx_word' id='word_1_343' title='bbox 146 2690 284 2733; x_wconf 78' lang='lat' dir='ltr'>Neu..</span> <span class='ocrx_word' id='word_1_344' title='bbox 281 2693 292 2721; x_wconf 69' lang='lat' dir='ltr'><strong><em>f</em></strong></span> <span class='ocrx_word' id='word_1_345' title='bbox 516 2689 758 2733; x_wconf 82' lang='lat' dir='ltr'><strong>lavacrum</strong></span> <span class='ocrx_word' id='word_1_346' title='bbox 789 2688 996 2733; x_wconf 89' lang='lat' dir='ltr'><strong>calidum</strong></span> <span class='ocrx_word' id='word_1_347' title='bbox 1026 2689 1145 2733; x_wconf 84' lang='lat' dir='ltr'>er</span> <span class='ocrx_word' id='word_1_348' title='bbox 1329 2691 1384 2730; x_wconf 85' lang='lat'><strong>15</strong></span> <span class='ocrx_word' id='word_1_349' title='bbox 1415 2685 1684 2744; x_wconf 87' lang='lat' dir='ltr'><strong>transigant</strong></span> <span class='ocrx_word' id='word_1_350' title='bbox 1713 2684 1845 2729; x_wconf 84' lang='lat' dir='ltr'><strong>lava-</strong></span> 
     </span>
     <span class='ocr_line' id='line_1_41' title="bbox 141 2745 1840 2806; baseline -0.002 -16"><span class='ocrx_word' id='word_1_351' title='bbox 141 2761 329 2790; x_wconf 87' lang='lat' dir='ltr'><strong>crorum</strong></span> <span class='ocrx_word' id='word_1_352' title='bbox 360 2749 451 2793; x_wconf 83' lang='lat' dir='ltr'><strong>rB:</strong></span> <span class='ocrx_word' id='word_1_353' title='bbox 484 2747 645 2792; x_wconf 90' lang='lat' dir='ltr'><strong>balnei</strong></span> <span class='ocrx_word' id='word_1_354' title='bbox 675 2747 858 2806; x_wconf 86' lang='lat' dir='ltr'><strong>possint</strong></span> <span class='ocrx_word' id='word_1_355' title='bbox 888 2747 1149 2804; x_wconf 86' lang='lat' dir='ltr'><strong>transigere</strong></span> <span class='ocrx_word' id='word_1_356' title='bbox 1182 2748 1219 2791; x_wconf 94' lang='lat' dir='ltr'><strong>b.</strong></span> <span class='ocrx_word' id='word_1_357' title='bbox 1431 2746 1473 2790; x_wconf 84' lang='lat' dir='ltr'><strong>si</strong></span> <span class='ocrx_word' id='word_1_358' title='bbox 1505 2746 1566 2790; x_wconf 86' lang='lat' dir='ltr'><strong>ad</strong></span> <span class='ocrx_word' id='word_1_359' title='bbox 1597 2745 1686 2790; x_wconf 86' lang='lat' dir='ltr'><strong>cib.</strong></span> <span class='ocrx_word' id='word_1_360' title='bbox 1719 2745 1840 2788; x_wconf 87' lang='lat' dir='ltr'><strong>cont.</strong></span> 
     </span>
     <span class='ocr_line' id='line_1_42' title="bbox 147 2804 1843 2862; baseline -0.003 -11"><span class='ocrx_word' id='word_1_361' title='bbox 147 2812 226 2851; x_wconf 82' lang='lat' dir='ltr'><strong>etc.</strong></span> <span class='ocrx_word' id='word_1_362' title='bbox 259 2807 350 2851; x_wconf 84' lang='lat' dir='ltr'><strong>rB:</strong></span> <span class='ocrx_word' id='word_1_363' title='bbox 396 2806 436 2849; x_wconf 90' lang='lat' dir='ltr'><strong>si</strong></span> <span class='ocrx_word' id='word_1_364' title='bbox 475 2806 685 2851; x_wconf 90' lang='lat' dir='ltr'><strong>ciborum</strong></span> <span class='ocrx_word' id='word_1_365' title='bbox 716 2807 1008 2852; x_wconf 88' lang='lat' dir='ltr'><strong>continentia</strong></span> <span class='ocrx_word' id='word_1_366' title='bbox 1041 2808 1088 2850; x_wconf 91' lang='lat' dir='ltr'><strong>et</strong></span> <span class='ocrx_word' id='word_1_367' title='bbox 1117 2805 1383 2862; x_wconf 90' lang='lat' dir='ltr'><strong>frequentia</strong></span> <span class='ocrx_word' id='word_1_368' title='bbox 1412 2804 1690 2849; x_wconf 90' lang='lat' dir='ltr'><strong>balneorum</strong></span> <span class='ocrx_word' id='word_1_369' title='bbox 1721 2804 1843 2846; x_wconf 87' lang='lat' dir='ltr'><strong>cete-</strong></span> 
     </span>
     <span class='ocr_line' id='line_1_43' title="bbox 146 2863 1841 2924; baseline 0.001 -16"><span class='ocrx_word' id='word_1_370' title='bbox 146 2880 303 2910; x_wconf 89' lang='lat' dir='ltr'><strong>rorum</strong></span> <span class='ocrx_word' id='word_1_371' title='bbox 335 2864 675 2909; x_wconf 85' lang='lat' dir='ltr'><strong>adiutoriorum</strong></span> <span class='ocrx_word' id='word_1_372' title='bbox 702 2880 792 2922; x_wconf 91' lang='lat' dir='ltr'><strong>que</strong></span> <span class='ocrx_word' id='word_1_373' title='bbox 817 2867 1029 2924; x_wconf 86' lang='lat' dir='ltr'><strong>superius</strong></span> <span class='ocrx_word' id='word_1_374' title='bbox 1061 2864 1343 2910; x_wconf 87' lang='lat' dir='ltr'><strong>intexuimus</strong></span> <span class='ocrx_word' id='word_1_375' title='bbox 1374 2879 1435 2909; x_wconf 94' lang='lat' dir='ltr'>m.</span> <span class='ocrx_word' id='word_1_376' title='bbox 1468 2864 1499 2910; x_wconf 86' lang='lat' dir='ltr'><strong>f.</strong></span> <span class='ocrx_word' id='word_1_377' title='bbox 1531 2879 1566 2909; x_wconf 92' lang='lat' dir='ltr'>r.</span> <span class='ocrx_word' id='word_1_378' title='bbox 1600 2864 1639 2909; x_wconf 91' lang='lat' dir='ltr'><strong>b.</strong></span> <span class='ocrx_word' id='word_1_379' title='bbox 1761 2863 1841 2918; x_wconf 81' lang='lat'><strong>(01-</strong></span> 
     </span>
     <span class='ocr_line' id='line_1_44' title="bbox 146 2925 946 2983; baseline 0.005 -16"><span class='ocrx_word' id='word_1_380' title='bbox 146 2925 329 2981; x_wconf 91' lang='lat' dir='ltr'><strong>borum)</strong></span> <span class='ocrx_word' id='word_1_381' title='bbox 361 2937 470 2980; x_wconf 87' lang='lat' dir='ltr'><strong>ergo</strong></span> <span class='ocrx_word' id='word_1_382' title='bbox 505 2926 612 2968; x_wconf 83' lang='lat' dir='ltr'><strong>add.</strong></span> <span class='ocrx_word' id='word_1_383' title='bbox 645 2925 691 2968; x_wconf 90' lang='lat' dir='ltr'><em>B</em></span> <span class='ocrx_word' id='word_1_384' title='bbox 715 2927 825 2980; x_wconf 75' lang='lat' dir='ltr'><strong>(non</strong></span> <span class='ocrx_word' id='word_1_385' title='bbox 855 2927 946 2983; x_wconf 79' lang='lat' dir='ltr'>rb).</span> 
     </span>
    </p>
   </div>
  </div>
 </body>
</html>
