1988 3184
705 129 1152 173 ADDHAMENTA.
1659 124 1764 178 351

21 231 38 330 J.
89 263 148 308 dc
177 265 340 309 ventre
370 262 509 308 tolles
542 263 591 306 et
621 260 871 318 coagulum
893 260 993 305 eius
1017 259 1176 304 ieiuna
1206 259 1258 303 in
1286 259 1397 304 vino
1420 259 1572 316 bibat,
1599 257 1771 302 mirum

18 354 22 358 Δ
87 332 172 376 est.
220 329 347 375 item.
378 328 700 386 millepediam
729 327 780 371 in
809 326 1011 371 foenicio
1044 326 1164 371 collo
1196 325 1399 383 ligatum
1427 327 1597 383 portet.
1636 324 1764 369 item‘.

85 396 247 441 lanam
278 397 335 441 de
368 409 453 440 ove
477 409 620 451 quam
649 394 786 452 lupus
811 393 1067 438 comederit
1090 393 1260 450 collige
1283 393 1366 450 <et
1388 392 1464 437 fac
1489 405 1594 436 eam
1615 390 1768 435 tribus

86 462 321 507 sororibus
353 461 518 518 lavari,
552 460 815 517 carminari,
856 459 1089 517 pectinari
1120 462 1168 505 et
1205 459 1340 505 filari.
1378 461 1426 504 et
1455 460 1621 503 texant
1658 457 1768 501 inde

88 529 348 586 cingulum,
389 531 438 573 et
474 542 558 585 per
591 541 761 572 novem
796 540 977 570 menses
1018 527 1081 571 ad
1110 528 1321 571 ventrem
1351 526 1520 570 mulier
1551 538 1658 570 eum
1689 524 1767 568 de·
1813 537 1835 571 5

85 597 267 653 portet,
298 595 368 640 ita
399 597 452 639 ut
481 607 737 650 numquam
769 607 875 637 eum
906 593 956 636 in
988 592 1147 649 aliquo
1180 592 1282 637 loco
1316 593 1542 650 deponat,
1581 604 1668 635 nec
1698 589 1767 633 fa-

86 662 180 707 ciet
216 661 482 721 abortum).

522 749 599 793 XI.
632 749 709 792 De
739 748 1032 805 profluvio
1066 747 1339 792 mulieris

204 817 247 860 A
282 818 423 873 partu
470 815 567 860 sive
616 815 788 859 aborsu
832 814 909 859 vel
946 814 1242 871 plenitudine
1290 813 1494 870 corporis
1542 814 1626 856 aut
1665 826 1770 855 san-

85 883 241 940 guinis
274 881 568 926 abundantia
590 880 871 938 profluvium
900 880 1110 925 mulieris
1135 880 1236 925 fieri
1261 880 1392 925 solet.
1434 893 1576 935 quam
1607 891 1769 922 curare
1793 892 1838 923 10

0 999 1 1002 Ἴ
89 949 154 993 sic
202 949 389 993 suadeo.
438 962 596 1005 cymas
647 949 704 992 de
750 949 867 992 rubo
913 950 1100 992 teneras
1147 945 1372 1003 purgabis
1421 947 1468 990 et
1511 958 1681 1000 coques
1719 942 1770 986 in

86 1030 229 1073 aqua,
270 1017 318 1060 et
350 1014 485 1059 dabis
519 1014 563 1059 ei
593 1014 644 1058 in
677 1014 924 1059 conditura
955 1013 1151 1057 minima
1182 1014 1491 1068 manducare,
1532 1014 1580 1055 et
1617 1010 1770 1067 ipsam

87 1097 258 1138 aquam
293 1081 442 1126 bibat.
491 1080 610 1126 item
650 1081 809 1125 lanam
845 1079 1087 1136 torquebis
1127 1081 1175 1123 et
1214 1092 1372 1123 omnes
1413 1078 1513 1122 eius
1547 1076 1768 1121 articulos

86 1148 349 1205 colligabis,
383 1150 430 1192 et
461 1147 505 1192 ei
536 1148 695 1192 lanam
727 1146 938 1191 sucidam
970 1145 1172 1190 subicies
1205 1160 1310 1190 curn
1342 1145 1444 1190 oleo
1468 1142 1687 1199 murtino,
1721 1144 1768 1186 et

85 1229 259 1259 manna
296 1214 415 1259 turis
457 1228 595 1270 super
634 1227 874 1271 asperges,
923 1215 971 1257 et
1009 1227 1148 1270 super
1185 1212 1421 1269 pectinem
1467 1211 1566 1255 eius
1614 1208 1765 1253 linies,
1793 1222 1836 1255 15

85 1281 213 1326 item.
262 1295 460 1338 gypsum
499 1280 549 1324 in
591 1283 724 1326 aceto
765 1279 1019 1324 contritum
1058 1282 1106 1323 et
1151 1278 1267 1323 folia
1309 1278 1415 1323 rubi
1457 1279 1619 1321 tenera
1667 1290 1772 1319 cum

87 1362 210 1403 aqua
250 1347 444 1391 decocta
489 1346 616 1390 intus
654 1360 738 1403 per
783 1345 975 1390 vulvam
1015 1345 1065 1388 in
1097 1359 1262 1402 corpus
1309 1344 1481 1389 mittes
1547 1343 1770 1386 carbones

86 1414 218 1458 vivos
265 1412 316 1456 in
360 1414 534 1456 testam
578 1412 738 1456 mittes
788 1414 835 1456 et
883 1426 1020 1468 super
1059 1426 1137 1456 eos
1185 1414 1360 1456 stercus
1406 1409 1636 1454 bubulum
1682 1408 1766 1450 im-

85 1493 244 1536 pones,
278 1480 326 1523 et
349 1478 516 1522 mulier
541 1492 678 1534 super
710 1478 872 1522 sedeat
897 1480 944 1521 et
970 1477 1294 1535 suffumigetur
1318 1476 1542 1533 quamdiu
1580 1473 1768 1517 sufferre

86 1546 272 1603 poterit.
306 1545 557 1601 probatum
582 1546 664 1589 est.
700 1545 761 1588 ad
784 1543 910 1588 idem
934 1546 1017 1588 aut
1042 1545 1098 1588 de
1122 1544 1328 1588 naribus.
1363 1541 1508 1586 amuli
1539 1552 1596 1589 —1—
1620 1541 1641 1583 I
1666 1554 1770 1583 cum
1794 1554 1835 1585 20

209 1690 230 1728 1
274 1687 321 1728 et
360 1683 609 1740 coagulum
656 1684 754 1727 eius
802 1684 1017 1728 iuvenem
1051 1686 1153 1740 (sic)
1202 1683 1338 1727 bibat
1376 1698 1434 1726 m.
1476 1696 1514 1725 e.
1548 1683 1594 1725 b:
1644 1682 1691 1723 et
1729 1693 1766 1723 c.

87 1744 274 1789 ieiunae
298 1743 348 1786 in
371 1742 480 1786 vino
505 1742 639 1799 potui
666 1743 814 1787 dabis.
841 1745 889 1786 et
912 1743 1038 1787 ultra
1059 1757 1154 1787 non
1178 1741 1329 1786 eiciet.
1361 1741 1613 1798 probatum
1637 1740 1708 1782 est
1725 1753 1765 1782 a.

89 1809 113 1847 2
146 1803 477 1858 item—portet
508 1816 579 1846 om
629 1817 670 1846 α.
778 1801 957 1845 feniceo
990 1803 1028 1847 b.
1122 1806 1147 1844 3
1181 1801 1373 1857 colliges
1405 1802 1459 1843 ut
1491 1812 1630 1855 supra
1661 1811 1766 1853 pro-

85 1862 251 1906 batum
283 1863 354 1905 est
385 1863 410 1906 b
443 1862 523 1917 qui
554 1875 623 1904 om
653 1862 730 1905 rel.
765 1875 877 1917 quae
907 1862 1112 1918 supplevi
1141 1875 1197 1905 ex
1227 1875 1268 1904 a.
1397 1865 1425 1902 4
1457 1856 1692 1914 carpinari
1724 1871 1765 1900 a.

85 1923 219 1966 texat
249 1936 280 1964 a
312 1921 388 1975 (cf.
426 1919 613 1964 Grimm·
634 1919 809 1977 Myth.²
834 1923 938 1964 383.
965 1923 1119 1976 1053).
1296 1923 1320 1962 5
1355 1920 1415 1975 (6)
1448 1931 1554 1961 eum
1587 1917 1690 1970 (sic)
1724 1930 1764 1959 a.

87 1984 113 2023 8
145 1979 318 2023 XVIHI
348 1979 417 2022 De
448 1978 676 2035 profluvio
710 1978 950 2034 sanguinis
982 1994 1021 2036 9.
1168 1983 1192 2021 9
1225 1978 1266 2021 Α
1288 1975 1765 2034 partu—(lmhabun-

88 2037 253 2082 dantia
284 2039 368 2082 ba:
402 2051 483 2082 om.
516 2052 557 2094 9,
597 2038 677 2082 ubi
707 2039 796 2081 tale
833 2039 1019 2082 initium
1050 2037 1184 2081 Profl.
1219 2035 1459 2093 sanguinis
1491 2033 1767 2078 mulieribus

84 2097 186 2142 fieri
219 2096 348 2141 solet.
384 2111 473 2154 que
507 2096 573 2139 sic
606 2096 812 2155 curande
844 2098 991 2141 erunt.
1114 2098 1196 2140 aut
1228 2098 1274 2141 b:
1306 2095 1382 2140 vel
1414 2111 1455 2139 α.
1552 2097 1605 2137 10
1637 2091 1766 2148 profl.

87 2155 328 2213 sanguinis
345 2154 619 2198 mulieribus
646 2168 755 2214 sepe
781 2154 900 2199 solet
922 2154 1034 2199 fieri.
1054 2169 1171 2210 quas
1198 2154 1264 2198 sic
1288 2153 1441 2198 curari
1459 2168 1492 2198 s,
1511 2169 1552 2198 α.
1647 2149 1765 2194 fieri:

0 2225 7 2235 ¹
87 2214 126 2258 si
156 2214 257 2259 fieri
290 2217 326 2259 b.
450 2218 503 2256 11
538 2219 625 2269 θοᾷ
658 2216 704 2259 b:
738 2214 967 2269 decoques
999 2229 1076 2271 α9.
1213 2218 1266 2257 12
1300 2212 1527 2268 dabisque
1559 2227 1600 2255 α.
1724 2208 1767 2252 ei

85 2287 333 2377 ggiidqtura
363 2288 413 2375 ἓ
445 2272 1768 2389 οοῃῗέᾑῖἓῖῗηίξ-ἇῖἃῖοἷῗξθιξΙῗωᾶωΙἑῖέῡαῖρζυόἲοῃίξὶθοεωθῖ

86 2391 170 2448 (eis
201 2393 246 2449 9)
277 2390 306 2435 l.
342 2405 375 2434 s,
409 2405 438 2434 a
446 2404 485 2447 9.
640 2391 687 2434 et
717 2404 889 2433 manna
920 2389 1070 2434 thuris
1102 2405 1149 2448 9:
1183 2392 1231 2434 et
1261 2403 1433 2433 manna
1465 2390 1511 2432 et
1542 2385 1692 2430 thuris
1726 2386 1763 2441 b,

87 2452 136 2494 et
166 2464 340 2493 manna
373 2450 420 2493 et
452 2447 642 2492 olibano
675 2463 717 2494 a.
782 2453 835 2493 15
862 2462 999 2505 super
1024 2462 1218 2505 asperge
1252 2451 1296 2494 b:
1332 2461 1468 2504 super
1493 2458 1660 2503 sparge
1684 2459 1750 2501 α9

173 2507 311 2552 linies
344 2509 390 2552 b:
422 2506 595 2564 ligabis
627 2521 656 2565 9
687 2509 752 2564 (et
782 2506 955 2564 ligabis
988 2507 1032 2551 ei
1064 2521 1202 2564 super
1231 2523 1275 2564 p.
1308 2509 1368 2563 a).
1508 2510 1562 2548 16
1588 2518 1693 2548 cum
1717 2504 1763 2546 b:

86 2580 142 2611 ex
172 2581 213 2625 9,
245 2567 296 2610 in
326 2582 367 2611 a.
465 2570 520 2609 17
544 2580 628 2622 per
657 2581 699 2610 v.
732 2565 782 2609 in
814 2580 1003 2622 corpore
1034 2566 1161 2611 intus
1192 2566 1328 2610 mitte
1358 2580 1399 2623 9,
1431 2580 1475 2621 p.
1508 2579 1551 2609 v.
1584 2563 1635 2607 in
1666 2575 1766 2605 cor-

83 2639 196 2683 pore
227 2625 389 2669 mittat
419 2640 461 2669 a.
585 2629 640 2668 17
671 2638 754 2681 pro
784 2624 928 2669 vulna
959 2627 996 2670 b.
1125 2625 1241 2669 item
1271 2624 1432 2682 (carb.)
1463 2639 1505 2668 a.
1629 2625 1684 2665 18
1715 2619 1766 2662 in

85 2686 259 2728 testam
287 2683 424 2728 mitte
454 2698 495 2741 9,
529 2682 573 2726 ei
603 2682 653 2726 in
683 2685 808 2728 testa
838 2683 974 2728 mitte
999 2699 1040 2729 α.
1150 2688 1204 2727 18
1235 2682 1467 2727 bubulinfi
1499 2697 1528 2726 a
1536 2697 1576 2740 9.
1678 2679 1764 2723 im-

85 2742 221 2800 ponis
254 2743 300 2787 b:
331 2741 518 2798 impone
550 2756 632 2800 α9.
777 2743 825 2787 et
857 2743 1161 2799 supersedens
1192 2758 1252 2788 m.
1285 2743 1512 2798 quantum
1542 2739 1646 2798 pati
1683 2752 1764 2795 po-

85 2801 199 2845 terit
236 2800 492 2857 fumigetur
523 2816 574 2857 a,
615 2803 663 2845 et
692 2816 751 2845 m.
797 2801 996 2858 desuper
1035 2802 1198 2846 sedeat
1237 2799 1446 2857 quandiu
1483 2797 1691 2856 potuerit
1721 2812 1760 2864 9.

87 2865 144 2904 20
174 2875 218 2917 p.
252 2873 290 2904 e.
325 2861 370 2905 b:
401 2859 491 2903 hoc
523 2862 765 2916 expertum
795 2862 867 2904 est
898 2875 975 2918 α9.
1155 2859 1271 2904 item
1302 2861 1363 2904 ad
1393 2858 1522 2916 profi.
1554 2856 1763 2901 mulieris

0 2927 11 3027 ζ

0 3037 26 3184 k

89 2917 187 2963 sive
206 2919 262 2962 de
286 2933 330 2962 n.
349 2934 378 2963 α
386 2933 426 2977 9.
516 2917 647 2962 amili
666 2923 690 2963 e
707 2920 811 2976 (pro
826 2920 901 2976 ÷)
920 2921 959 2976 b,
993 2918 1124 2964 amili
1139 2929 1200 2968 -÷-
1215 2919 1236 2962 I
1258 2934 1287 2964 a
1295 2934 1335 2977 9.
1421 2932 1526 2962 cum
1550 2919 1634 2963 ba:
1653 2929 1709 2960 ex
1720 2930 1761 2973 9.
