1950 3172
119 549 143 582 6

172 103 203 156 7
207 103 244 156 4
689 105 1009 148 ΤΗΕΟΒΟΒΙ
1035 103 1337 148 ΡΒῘΒΟῙΑΝΙ

169 242 428 293 adiutoriis
481 247 826 309 percurantur.
910 239 1146 291 lenticula
1198 246 1338 291 cocta
1389 241 1528 291 melli
1580 243 1866 299 commixta.

169 322 219 366 et
249 316 366 367 folia
396 316 612 367 caulium
643 331 757 366 cum
786 313 933 364 melle
966 314 1210 365 similiter.
1273 320 1324 364 et
1355 315 1672 366 coriandrum
1701 317 1861 368 viride
1872 350 1878 378 χ

169 406 283 441 cum
327 390 490 440 melle.
565 390 644 439 his
691 390 842 438 etiam
886 387 978 438 lini
1023 390 1230 438 seminis
1277 404 1338 438 ex
1383 389 1587 455 pulvere
1634 393 1763 442 cocti
1807 386 1890 450 ins

167 467 282 514 vino
330 471 380 514 et
426 463 534 513 oleo
582 462 929 528 cataplasmata
977 477 1175 528 semper
1221 462 1438 513 adhibui.
1516 465 1590 514 sic
1629 479 1690 514 ex
1736 465 1862 516 milii

165 538 435 603 pollinibus
484 537 715 587 similiter
761 537 871 586 feci.
950 538 1022 586 sic
1063 538 1211 586 etiam
1248 537 1461 587 hederae
1500 537 1616 588 folia
1654 541 1708 588 in
1745 541 1859 590 vino
1892 563 1895 578 2

167 618 305 661 cocta
352 617 402 661 et
455 627 568 661 cum
617 610 763 660 melle
817 611 935 660 trita
989 613 1370 676 superimposui.
1449 612 1549 661 fovi
1602 614 1753 663 etiam
1798 613 1860 665 de
1896 622 1897 625 ’

167 686 339 735 eadem
379 687 602 735 coctione
641 684 845 734 vulnera
885 685 1186 750 frequenter.

315 761 358 809 si
405 759 650 809 callositas
698 760 982 826 emerserit,
1035 761 1088 808 iu
1136 775 1231 824 qua
1285 775 1483 825 semper
1532 766 1608 810 est
1652 757 1867 812 tarditas

163 833 453 883 vulneribus
486 834 546 883 ad
585 835 908 900 sanationem,
947 835 1078 883 aeris
1110 833 1284 883 florem
1317 840 1512 883 coctum
1550 836 1777 903 terimuS,
1810 842 1859 886 et
1900 831 1902 833 ’

100 918 143 950 10
167 922 227 956 ex
267 923 325 957 eo
365 907 568 972 pulvere
601 907 805 957 vulnera
838 907 1034 957 sanab0.
1099 913 1148 956 et
1176 907 1422 973 tithymali
1459 908 1713 958 lacrimam
1744 911 1858 959 vino

97 1287 140 1319 15

166 987 216 1030 et
246 981 382 1031 melli
413 983 618 1031 mixtam
649 983 701 1030 in
725 983 884 1030 vicem
909 981 1271 1046 cataplasmatis
1304 981 1561 1032 adhibebo,
1618 984 1662 1032 si
1692 984 1859 1034 made-

165 1055 313 1104 factio
367 1057 721 1121 permanserit,
775 1055 853 1104 his
905 1055 1137 1104 adhibitis
1186 1055 1312 1105 sales
1359 1058 1505 1106 tritos
1553 1072 1666 1106 cum
1711 1057 1858 1108 melle

164 1130 415 1194 imponam
455 1135 505 1179 et
543 1130 759 1194 desuper
797 1130 904 1178 ficis
944 1131 1075 1178 tritis
1121 1131 1330 1179 incoctis
1371 1130 1744 1195 cataplasmabO.
1809 1138 1858 1182 et
1911 1142 1914 1150 ’

165 1203 418 1268 amygdala
457 1219 622 1253 amara
661 1205 734 1252 sic
774 1209 949 1252 curant
987 1203 1109 1252 locis
1150 1203 1367 1253 adhibita
1409 1220 1521 1254 cum
1560 1204 1706 1255 melle
1739 1220 1856 1255 con-

163 1279 293 1332 trita.
374 1279 446 1326 sic
491 1279 631 1342 porri
676 1279 729 1325 in
774 1278 887 1326 vino
936 1279 1065 1327 cocti
1111 1277 1284 1326 eodem
1330 1278 1475 1327 modo
1516 1285 1704 1328 curant.
1785 1281 1858 1330 sic
1916 1312 1920 1320 =

166 1353 271 1400 ervi
314 1351 475 1416 pulvis
516 1367 629 1401 cum
676 1350 836 1400 melle.
915 1357 964 1400 et
1003 1351 1242 1400 olivarum
1280 1352 1456 1401 viridia
1495 1352 1610 1402 folia
1649 1355 1700 1401 in
1739 1355 1853 1405 vino

164 1431 302 1474 cocta
350 1431 399 1474 et
444 1427 561 1474 trita
607 1424 916 1474 adhibentur.
994 1441 1054 1474 ex
1103 1440 1199 1490 quo
1246 1427 1359 1475 vino
1406 1427 1546 1491 prius
1593 1427 1857 1476 fomentari

163 1498 269 1548 loca
324 1499 520 1548 suadeo,
600 1498 829 1548 similiter
883 1500 1031 1548 etiam
1078 1515 1138 1548 ex
1193 1514 1317 1564 aqua
1372 1501 1424 1548 in
1479 1515 1605 1565 aqua
1659 1500 1855 1550 alumen

164 1574 377 1622 scissum
416 1573 777 1622 infundendum·
816 1578 904 1622 est.

283 1735 306 1773 1
347 1730 654 1787 percurantur
690 1745 716 1774 o·
733 1730 828 1774 Gel.
863 1731 996 1786 (pere
1025 1732 1031 1786 Ι
1067 1731 1293 1787 geruntur
1331 1731 1417 1787 B):
1465 1732 1774 1788 procurantur
1814 1732 1852 1777 b.

162 1787 300 1832 melle
333 1788 586 1833 commixta
616 1804 642 1833 o·
660 1789 779 1834 θεῖε
813 1790 861 1832 et
890 1788 1022 1832 melli
1054 1803 1091 1833 0.
1125 1790 1172 1832 Β
1204 1791 1328 1846 (cum
1359 1790 1497 1834 melle
1529 1790 1680 1834 mixta
1712 1792 1770 1846 b).

161 1851 187 1890 3
229 1848 352 1891 cocti
382 1849 483 1893 rB:
532 1849 664 1891 cocto
707 1848 803 1893 θεῖ.
826 1849 904 1905 (cf.
938 1849 963 1892 b
1002 1848 1242 1904 pulverem
1289 1851 1472 1893 coctum
1519 1864 1625 1893 cum
1664 1849 1767 1894 0100
1808 1851 1856 1894 et

161 1905 305 1963 vino).
509 1912 537 1949 4
570 1906 917 1963 cataplasmata
948 1908 1073 1963 (—te
1104 1909 1147 1964 r)
1178 1908 1277 1953 rB:
1312 1922 1447 1952 —ma
1480 1909 1576 1953 θεῖ.
1601 1910 1702 1966 (om.
1736 1911 1792 1966 b).

161 1969 187 2008 5
218 1965 396 2022 polline
429 1967 475 2010 b0
494 1966 614 2011 θεῖε
646 1965 903 2022 pollinibus
934 1981 960 2010 r
978 1966 1073 2011 θεῖ.
1102 1965 1309 2022 (pollinis
1343 1969 1398 2022 b).
1551 1967 1642 2011 feci
1673 1968 1851 2013 BGel.:

159 1981 430 2068 saepiendum
462 2026 534 2068 est
564 2040 589 2068 r
614 2026 712 2080 (om.
748 2026 804 2080 b).
908 2025 966 2068 de
998 2025 1134 2083 edere
1159 2025 1276 2069 folia
1306 2025 1355 2069 in
1385 2025 1494 2069 vino
1527 2027 1658 2070 cocte
1687 2027 1926 2083 ἰ·(0.1“.Γ

160 2085 294 2128 cocta
312 2085 376 2140 b).
409 2084 546 2140 edere
570 2083 602 2127 f.
627 2083 678 2126 in
700 2083 810 2127 vino
828 2083 990 2127 coxiB
1009 2084 1131 2139 (hed.
1157 2083 1273 2128 folia
1297 2083 1402 2129 coxi
1421 2084 1547 2142 θεῖ..)
1645 2089 1670 2129 6
1696 2100 1852 2143 super-

159 2141 363 2199 imposui
393 2143 493 2187 rB:
527 2141 731 2198 imposui
766 2142 861 2187 θεῖ.
887 2144 1100 2199 (prosunt
1131 2144 1185 2199 b).
1370 2148 1425 2187 10
1461 2144 1639 2188 sanabo
1670 2146 1716 2212 Β
1734 2146 1854 2191 θεῖα

161 2201 346 2245 satiabo
378 2217 415 2258 r,
449 2201 639 2245 saciabo
666 2204 704 2246 b.
797 2201 1043 2245 lacrimam
1073 2202 1119 2245 Β
1138 2203 1257 2247 Gela
1298 2218 1482 2246 -mum
1511 2205 1584 2248 rb.
1669 2203 1779 2248 vino
1804 2206 1854 2249 et

159 2260 291 2304 melli
307 2259 427 2317 (-10
456 2261 570 2316 θεῖ.)
586 2260 785 2303 mixtam
801 2262 928 2317 (—t1'1
948 2262 991 2317 b)
1007 2262 1065 2305 rb
1079 2261 1184 2306 θεῖε
1217 2275 1322 2305 cum
1346 2261 1454 2305 vino
1479 2264 1528 2306 et
1550 2262 1690 2307 melle
1712 2278 1772 2308 m.
1791 2264 1851 2309 B.

162 2324 215 2363 11
248 2319 299 2363 in
329 2319 480 2364 vicem
511 2322 639 2375 (—ce
671 2321 714 2376 r)
739 2320 785 2362 Β
806 2319 923 2365 θεῖε
955 2319 1058 2364 vice
1091 2322 1128 2365 b.
1282 2320 1517 2365 adhibebo
1552 2323 1670 2367 θεῖε
1706 2322 1852 2366 —beo

159 2379 327 2435 rB(—
332 2379 497 2423 bemus
516 2381 570 2435 b).
669 2383 723 2422 12
750 2377 872 2422 sales
902 2378 1040 2422 tritos
1060 2380 1106 2422 Β
1126 2379 1247 2424 θεῖε
1281 2379 1447 2423 allium
1476 2380 1642 2424 tritum
1674 2383 1699 2425 b
1719 2381 1850 2438 (salis

159 2437 286 2482 tritis
318 2438 408 2482 hoc
438 2452 475 2482 0.
508 2453 569 2482 m.
601 2438 889 2495 iponendum
919 2439 992 2482 est
1020 2439 1076 2495 r)
1223 2443 1277 2483 13
1312 2439 1511 2496 desuper
1541 2441 1678 2485 rbB:
1713 2453 1852 2497 super

164 2497 260 2542 θεῖ.
353 2497 452 2541 ficis
477 2512 503 2541 o
523 2497 639 2541 θεῖε
672 2497 851 2541 ficubus
868 2497 1057 2554 B(ficus
1082 2497 1290 2541 incoctas
1314 2498 1453 2542 tritas
1479 2500 1534 2558 b).
1622 2503 1678 2542 14
1702 2498 1850 2556 amig-

161 2555 325 2599 dala-
334 2555 538 2600 contrita
554 2558 599 2601 Β
624 2557 741 2601 Get:
783 2555 1047 2613 amigdalas
1084 2570 1268 2600 amaras
1301 2556 1368 2601 sic
1399 2562 1565 2602 curant
1578 2559 1730 2614 (—tur
1748 2561 1790 2614 r)
1818 2557 1847 2603 l.

161 2614 402 2659 adhibitas
428 2616 493 2671 (et
517 2629 554 2660 c.
581 2630 640 2659 m.
674 2617 781 2660 add.
813 2617 854 2672 r)
880 2614 1105 2659 contritas
1131 2617 1202 2660 br.
1313 2621 1366 2659 17
1393 2618 1441 2660 et
1471 2617 1604 2662 rbB:
1637 2631 1720 2661 om.
1749 2618 1848 2663 θεῖ.

160 2673 191 2718 f.
224 2672 253 2717 1.
290 2675 462 2718 suadeo
495 2675 560 2718 Β·
592 2675 623 2719 l.
656 2674 687 2719 f.
723 2674 896 2718 debent
926 2676 951 2718 b
969 2674 1063 2719 Gel.
1218 2678 1272 2718 18
1298 2674 1513 2720 similiter
1544 2676 1689 2720 etiam
1719 2689 1776 2720 ex
1806 2689 1847 2722 a.

159 2732 205 2775 Β
224 2733 343 2777 Gela
387 2732 606 2799 similiter
642 2732 877 2777 foventari
914 2735 997 2791 (sic
1034 2735 1143 2778 solet
1180 2734 1371 2778 scribere
1401 2750 1427 2779 r
1459 2749 1547 2791 pro
1577 2733 1848 2791 fomentari)

158 2803 218 2893 px
246 2804 291 2893 ἓ..
324 2793 397 2847 (οῙ.
431 2793 457 2837 b
490 2791 590 2838 sim.
624 2794 671 2836 et
703 2806 744 2838 a.
776 2792 1091 2850 fomentatur).
1218 2796 1271 2836 19
1298 2794 1370 2836 est
1391 2794 1491 2839 rB:
1524 2793 1615 2837 erit
1640 2794 1736 2839 θεῖ.
1760 2793 1849 2852 (in-

180 2864 244 2893 un
277 2864 317 2892 13
343 2851 401 2906 b).
