1988 3184
667 107 1119 176 ADDITAMENTA.
1159 165 1162 177 ,
1622 118 1728 171 289

25 226 143 302 -lhoc
181 255 240 315 et,
267 252 474 310 syringio
512 255 561 298 et
599 252 814 298 omnibus
853 250 932 295 ani
962 250 1113 306 vitiis,
1154 249 1276 294 sicut
1320 249 1589 306 supradicta
1603 285 1614 306 ‚
1661 249 1730 294 ita

14 331 25 358 Δ
54 319 286 375 medetur,
333 321 572 376 expertum
603 320 694 377 fest.
741 318 857 362 item
887 315 1086 361 asfodeli
1123 315 1304 360 radices
1344 315 1562 372 colliges,
1594 316 1730 360 rades

0 390 3 396 '
55 387 104 430 et
134 387 361 441 quantum
389 398 577 430 necesse
609 386 682 429 est
711 383 884 440 ligabis
914 382 966 426 in
997 381 1256 439 syringium
1286 395 1432 438 usque
1468 384 1670 427 sanetur.
1758 427 1761 431 ,

524 472 600 517 De
631 470 972 516 ischiadicis
1005 469 1266 527 (XXXIIII).

173 537 414 582 Brassicae
447 551 604 583 semen
625 537 790 582 tritum
813 551 919 581 cum
949 538 1083 580 aceto
1115 535 1339 580 acerrimo
1370 538 1613 591 tamquam
1634 550 1732 580 ma·
1779 548 1800 582 5

55 601 214 659 lagma
251 617 406 660 panno
452 603 695 647 inductum
732 602 783 646 in
819 602 922 647 loco
963 601 1136 646 doloris
1178 601 1386 658 impone,
1435 603 1483 646 et
1522 602 1617 646 alia
1657 601 1732 646 die

57 668 197 713 solve.
243 671 291 713 et
319 668 598 713 batrachion
628 669 823 713 herbam
855 668 1029 725 optime
1060 670 1250 712 tunsam
1271 667 1418 712 linteo
1444 667 1565 712 sicut
1587 667 1734 712 medi-

57 747 220 786 camen
250 734 494 779 inductum
530 734 780 790 imponito,
813 736 861 778 et
899 733 1085 790 signato
1123 747 1181 777 ne
1221 733 1450 789 solvatur,
1494 747 1640 789 usque
1673 733 1736 777 ad

56 798 201 843 aliam
233 799 369 856 diem,
403 802 451 844 et
480 799 664 844 lavabis
698 800 755 843 de
786 799 895 844 vino
926 799 1088 856 veteri,
1122 802 1169 843 et
1201 799 1266 843 sic
1296 799 1589 855 relinquitur.
1626 798 1734 843 vide

55 871 114 908 n'e
152 864 335 920 aliquid
379 864 702 909 medicaminis
742 878 823 908 seu
861 865 1089 921 unguenti
1136 865 1377 909 adhibeas.
1426 865 1536 909 hinc
1584 865 1733 909 omnis
1758 879 1802 910 10

55 943 188 974 umor
221 931 332 974 dum
365 930 545 986 exierit,
577 930 692 974 mire
725 930 981 974 sanabitur.

172 995 261 1039 hoc
301 995 416 1039 satis
455 996 574 1040 bene
614 998 856 1052 expertum
894 998 977 1040 est.
1026 996 1114 1040 hoc
1153 996 1270 1039 facis
1309 996 1385 1040 vel
1424 995 1474 1038 in
1518 995 1735 1052 geniculo

55 1073 214 1105 umero
261 1060 421 1105 cubito
467 1060 543 1105 vel
587 1061 686 1105 talo
733 1061 814 1116 qui
859 1061 1004 1105 nimio
1045 1062 1204 1106 dolore
1247 1062 1598 1106 contrahuntur.
1653 1062 1736 1105 ba-

55 1126 270 1172 trachion
300 1127 495 1171 herbam
527 1128 697 1172 tundes
731 1127 787 1171 de
818 1127 947 1184 ligno
978 1127 1127 1184 iligno
1160 1130 1208 1172 et
1238 1127 1456 1184 implebis
1488 1127 1597 1171 inde
1630 1140 1736 1171 con-

56 1193 210 1250 culam
252 1193 309 1237 de
350 1206 490 1250 nuce,
531 1195 578 1238 et
616 1206 760 1249 pones
805 1207 942 1249 super
981 1193 1133 1237 talum
1163 1194 1213 1236 in
1252 1207 1343 1249 quo
1382 1193 1485 1237 loco
1527 1192 1656 1236 dolet
1688 1195 1735 1236 et
1760 1207 1801 1239 15

57 1251 294 1315 alligabis,
328 1261 375 1303 et
406 1258 502 1303 alia
535 1258 610 1303 die
644 1258 808 1303 solves.
855 1261 1020 1315 postea
1053 1260 1163 1303 dum
1186 1261 1304 1318 <se>
1334 1258 1491 1303 vesica
1524 1259 1736 1314 erexerit,

0 1373 3 1377 ,
57 1340 163 1369 cum
202 1325 336 1382 spina
375 1324 505 1380 quali
546 1324 748 1369 volueris
790 1324 983 1381 aperies.
1031 1327 1190 1370 tamen
1229 1325 1337 1369 vide
1375 1339 1433 1369 ne
1474 1339 1579 1368 cum
1616 1324 1738 1369 ferro

57 1393 238 1448 tangas,

176 1479 257 1523 Ad
290 1492 501 1523 omnem
531 1478 908 1522 membrorum
941 1478 1190 1522 dolorem
1221 1478 1310 1522 vel
1346 1477 1622 1538 quicquid

649 1544 901 1588 doluerit
932 1544 1147 1600 (XXXV).
1764 1558 1807 1590 20

175 1610 381 1655 Herbam
419 1609 666 1664 bryoniam
699 1610 918 1653 minutim
956 1611 1185 1665 decoques
1217 1610 1267 1653 in
1305 1610 1429 1666 oleo,
1468 1612 1632 1666 postea
1665 1622 1739 1652 co-

59 1677 181 1721 labis
214 1679 262 1721 et
299 1676 516 1725 miscebis
550 1690 682 1720 cerae
721 1677 950 1731 quantum
986 1675 1077 1718 tibi
1115 1675 1353 1720 videbitur
1393 1678 1440 1719 et
1476 1688 1739 1732 perungues

61 1742 282 1798 dolorem,
315 1741 596 1786 remediasti.
640 1741 793 1798 adipis
818 1740 1022 1785 anserini
1045 1741 1121 1785 vel
1151 1742 1344 1786 haedini
1367 1752 1425 1790 ÷
1449 1742 1483 1797 Ι,
1515 1742 1740 1784 bacarum

61 1808 183 1852 lauri
230 1810 474 1852 tunsarum
504 1820 562 1856 —2-
585 1807 627 1863 Ι,
674 1806 800 1850 iunci
839 1806 1051 1850 radicum
1080 1817 1137 1857 -ζ,
1162 1809 1203 1865 Ι,
1251 1807 1486 1852 medullae
1525 1806 1740 1851 cervinae

61 1886 119 1924 -ζ-
142 1875 183 1931 Ι,
224 1874 406 1918 resinae
443 1873 791 1917 terebinthinae
823 1884 881 1922 -ζ-
904 1873 945 1928 Ι,
984 1888 1173 1918 rasurae
1211 1874 1345 1918 navis
1384 1874 1592 1918 marinae
1623 1885 1683 1921 ÷
1706 1873 1739 1917 Ι.
1767 1886 1811 1917 25

61 1941 188 1985 facto
213 1943 383 1996 ceroto,
417 1939 456 1983 si
489 1939 826 1996 superunxeris,
859 1939 1049 1984 sanasti.
1098 1939 1305 1995 cupressi
1328 1939 1450 1995 pilas
1475 1939 1603 1982 XXX
1634 1952 1740 1982 con-

61 2010 192 2051 tusas
246 2006 498 2063 diligenter
552 2019 657 2048 cum
703 2004 792 2049 olei
842 2006 890 2049 55
928 2005 993 2048 ΠΙ
1040 2006 1269 2061 decoques
1325 2018 1462 2061 super
1515 2005 1738 2048 carbones

64 2073 237 2129 lentos,
269 2074 434 2129 postea
467 2072 577 2114 dum
607 2070 921 2127 fiigeraverit,
952 2084 1035 2127 per
1066 2070 1312 2114 linteolum
1343 2069 1521 2114 colabis
1554 2072 1602 2113 et
1632 2069 1741 2112 mis-

186 2274 207 2312 1
243 2267 416 2324 syrigio
449 2268 545 2323 (sie)
578 2269 616 2311 b.
739 2248 857 2323 suget
889 2268 926 2311 b.
1071 2271 1096 2308 2
1130 2266 1338 2310 asfodiffi
1370 2268 1409 2311 b.
1493 2270 1519 2308 3
1551 2265 1673 2330 ligas
1706 2266 1745 2309 b.

66 2333 94 2372 4
127 2328 183 2371 de
217 2325 422 2371 sciaticis
446 2328 569 2370 mbr.
598 2327 622 2370 b
649 2327 729 2381 (est
758 2326 925 2369 indicis
948 2337 1045 2381 cap.
1064 2324 1310 2381 XXXIIII).
1401 2328 1426 2367 7
1450 2325 1696 2367 botraclon
1721 2325 1745 2367 b

69 2387 194 2442 (item
223 2386 353 2440 infra
383 2400 421 2429 v.
448 2387 540 2438 13).
640 2383 706 2429 sifi
737 2382 969 2427 medicam
1001 2386 1038 2429 b.
1109 2441 1117 2449 ·
1154 2388 1180 2427 8
1214 2383 1366 2427 solvat
1398 2385 1436 2428 b.
1529 2386 1554 2424 9
1581 2381 1745 2425 aliam:

69 2473 166 2517 alifi
191 2474 216 2518 b
243 2473 318 2528 (cf.
344 2487 383 2517 v.
410 2474 504 2526 16).
532 2529 540 2537 ⁸
625 2471 758 2515 lavas
792 2472 829 2515 b.
952 2475 978 2513 9
1009 2451 1154 2527 reli&
1186 2473 1223 2516 b.
1277 2529 1286 2537 .
1348 2475 1401 2513 12
1434 2458 1478 2512 Η
1509 2470 1546 2514 b.
1646 2481 1748 2535 ‘ge-

67 2534 208 2575 nucto
241 2533 279 2575 b.
373 2534 429 2572 14
458 2535 479 2572 '1‘
509 2529 643 2586 hgnfi
675 2531 712 2574 b.
803 2528 924 2585 iples
957 2531 995 2574 b.
1119 2535 1173 2574 16
1206 2529 1375 2586 alligas
1408 2530 1446 2573 b.
1540 2526 1682 2571 solws
1709 2529 1746 2572 b.

69 2590 233 2635 addidi
265 2602 326 2633 se.
474 2592 526 2631 17
560 2587 700 2643 quale
733 2589 770 2633 b.
893 2591 950 2631 20
980 2589 1061 2633 hoc
1091 2595 1155 2633 est
1184 2589 1352 2633 indicis
1382 2588 1408 2631 b
1439 2600 1538 2642 cap.
1563 2585 1746 2630 XXXV.

71 2652 126 2691 21
156 2647 392 2692 brioniam
422 2647 460 2690 b.
603 2645 786 2690 minuta
819 2648 857 2691 b.
993 2652 1048 2690 22
1079 2647 1245 2691 misces
1278 2648 1315 2691 b.
1453 2649 1559 2688 cera
1590 2646 1628 2689 b.

69 2720 262 2764 punges.
294 2706 406 2749 hore
440 2706 478 2749 b.
601 2709 657 2748 23
690 2704 841 2761 ΑᾶίΡό
873 2704 1090 2749 anserini-1
1120 2709 1153 2750 t.
1186 2704 1328 2749 hedifi
1361 2706 1399 2750 b.
1542 2702 1685 2746 bacas
1717 2703 1746 2748 l.

31 2808 36 2812 ,
69 2765 233 2808 tunsas
267 2766 304 2809 b.
426 2767 483 2806 24
513 2761 610 2806 rad’
639 2764 678 2807 b.
776 2762 982 2823 Medulle
1014 2769 1090 2809 etc.
1122 2766 1188 2810 sic
1219 2766 1256 2809 b.
1345 2767 1401 2807 25
1432 2765 1558 2807 resin
1587 2761 1749 2806 teben-

7 2843 9 2845 ·
71 2836 174 2882 tina
205 2839 244 2883 b.
365 2848 524 2880 rasura
554 2840 632 2880 etc.
664 2836 730 2881 sic
760 2837 799 2881 b.
922 2841 977 2881 27
1010 2837 1112 2881 oleo
1145 2839 1183 2882 b.
1305 2839 1361 2880 28
1394 2836 1456 2880 ᾱῡ
1486 2824 1685 2896 friga'ffit
1710 2839 1747 2882 b.

0 2913 4 2955 g
73 2894 199 2939 colas
232 2897 271 2941 b.
391 2893 557 2937 misces
591 2895 627 2939 b.

161 2977 378 3010 Theodorus
400 2975 635 3015 Priscianus,
660 2975 717 3008 ed.
734 2976 767 3008 B
777 2985 798 3009 o
808 2985 824 3008 s
833 2985 862 3008 e.
1428 2973 1481 3012 19
