1950 3172
469 113 849 158 EUPORISTON
878 103 1305 154 FAENOMENON.
1655 105 1727 157 25

36 253 72 315 ’ς
100 267 178 302 ae
210 267 270 301 ex
301 251 556 302 altitudine
590 250 773 316 aliquid
806 263 1006 299 evocare
1037 249 1244 314 possint,
1283 245 1560 296 adhibenda
1599 250 1727 294 sunt.

98 331 339 390 equenter
380 327 563 374 etenim
609 340 668 374 ex
715 323 900 372 doloris
945 323 1197 372 nimietate
1243 319 1407 370 febres
1447 325 1497 369 et
1533 318 1727 383 vigiliae

22 394 341 467 ·--²procuratae
365 398 576 448 elimatis
598 397 787 447 viribus
810 398 949 445 vitai-,²
959 395 1235 460 periculum
1257 393 1539 443 attulerunt.
1586 407 1726 457 pare·
1746 384 1817 439 23

53 474 236 538 goricis
273 487 390 522 vero
428 471 588 521 isdem
627 471 885 521 adiutoriis
925 471 996 518 sic
1027 467 1426 533 morigerandum
1457 468 1552 516 erit
1581 471 1637 515 ut
1668 481 1728 514 ex

50 560 177 611 pane
222 545 406 595 mundo
452 545 616 594 infuso
660 550 710 594 et
748 559 860 593 cum
900 542 1005 591 oleo
1046 544 1256 592 contrito
1303 540 1726 605 cataplasmentur.
1774 551 1795 584 5

54 619 185 684 quod
234 619 542 683 frequentius
587 619 768 667 mutari
815 616 1025 666 debebit.
1104 615 1331 665 similiter
1377 616 1526 663 etiam
1573 619 1622 662 et
1669 613 1728 662 de

50 693 207 741 tritici
258 691 525 756 pollinibus
579 690 856 740 faciendum
911 696 998 738 est.
1077 691 1148 738 sic
1196 689 1255 738 de
1310 688 1504 753 hordei,
1559 702 1730 751 super-

53 764 232 815 additis
277 770 443 813 tamen
487 778 751 828 porcorum
793 762 1032 827 adipibus,
1112 764 1182 811 sic
1221 763 1543 826 hyoscyamus
1582 762 1729 809 tritus

52 852 165 888 cum
202 830 378 902 butyro
411 852 555 901 saepe
586 837 786 901 profuit.
858 837 900 884 si
938 836 1015 884 his
1055 835 1300 901 adhibitis,
1341 850 1464 899 quae
1503 836 1730 898 mitigare

51 917 374 977 consuerunt,
427 910 549 959 locis
602 911 858 958 maturatis
915 911 1077 958 sanies
1131 910 1414 973 apparuerit
1458 908 1730 973 manifesta,
1756 921 1799 953 10

51 983 182 1048 quod
236 983 319 1032 ille
373 985 441 1032 ait
491 985 762 1050 „continuo
817 982 1010 1047 culpam
1062 982 1194 1031 ferro
1249 977 1566 1047 compesce“,
1619 987 1732 1045 post

50 1072 166 1106 vero
206 1059 440 1106 resecatis
481 1058 641 1106 causis
679 1055 965 1105 vulneribus
1009 1055 1218 1105 solemni
1256 1055 1509 1119 diligentia
1549 1055 1729 1103 servie-

50 1145 177 1197 111118,
217 1130 302 1180 sed
340 1137 396 1180 ut
432 1135 597 1179 tamen
634 1130 793 1179 isdem
832 1131 965 1178 curis
1006 1131 1295 1178 evocatoriis
1329 1127 1730 1177 extenuantibus-

54 1219 149 1268 que
191 1219 335 1268 quam
380 1205 590 1252 maxime
630 1205 778 1252 etiam
816 1219 948 1252 nunc
987 1203 1258 1252 medicinae
1299 1201 1551 1251 incumbat
1588 1201 1729 1250 indu-

25 1279 190 1344 stria,
229 1277 569 1342 frequentibus
609 1279 755 1326 etiam
794 1277 1244 1343 fomentationibuS,
1282 1282 1338 1325 ut
1377 1275 1559 1324 doloris
1598 1274 1730 1323 illius
1758 1290 1801 1323 15

48 1352 248 1416 penitus
288 1350 578 1414 inquietudo
618 1353 851 1415 quiescat.

202 1430 316 1473 sunt
355 1424 594 1473 adiutoria
632 1425 752 1473 haec
793 1426 1081 1490 evocatoria,
1122 1422 1244 1488 qu‘ae
1277 1429 1389 1488 post
1421 1422 1604 1471 doloris
1642 1424 1731 1470 im-
1751 1424 1825 1476 24

138 1659 143 1663 d
178 1613 200 1651 1
235 1622 428 1653 evocare
458 1610 521 1653 rb
541 1609 658 1654 Gal:
692 1621 917 1652 evacuare
950 1609 988 1652 b.
1133 1613 1157 1652 2
1192 1607 1365 1652 etenim
1395 1609 1440 1652 B
1460 1607 1576 1652 Get:
1611 1607 1734 1650 enim

56 1668 128 1712 br.
282 1672 307 1710 3
340 1667 545 1711 elimatis
576 1668 654 1712 rB
682 1667 776 1711 Gel.
811 1669 884 1723 (cf.
919 1667 1035 1712 Cael.
1069 1667 1185 1712 Aur.
1218 1668 1308 1711 chr.
1342 1670 1387 1722 2,
1420 1669 1550 1723 217):
1585 1664 1733 1709 elimi-

53 1724 178 1769 natis
210 1727 236 1770 b
268 1728 325 1782 (et
355 1726 492 1782 Neu.)
694 1726 795 1782 ad(t
818 1724 1073 1783 b)tulerunt
1104 1727 1163 1770 br
1182 1726 1300 1771 Gela
1334 1725 1585 1769 effecerunt
1615 1725 1672 1768 Β.

15 1789 83 1841 aa}
111 1784 261 1828 isdem
292 1786 392 1830 bB:
427 1784 610 1828 hisdem
640 1799 665 1829 r
684 1785 778 1829 Gez.
908 1783 974 1828 sic
1005 1784 1381 1842 morigerandum
1414 1785 1458 1828 Β
1479 1784 1596 1829 Get:
1627 1783 1734 1827 imi-

0 1862 4 1894 }
51 1842 256 1887 n'endum
288 1845 358 1888 br.
553 1844 608 1886 ut
638 1856 694 1886 ex
724 1843 770 1886 Β
791 1843 907 1889 Get:
939 1843 989 1886 id
1021 1846 1092 1887 est
1122 1843 1257 1900 panis
1288 1843 1488 1886 mundus
1521 1844 1580 1899 (b,
1611 1847 1733 1899 pane

0 1905 4 1944 11
51 1903 228 1946 mundfi
260 1904 300 1959 r)
327 1938 336 1948 .
363 1938 373 1947 .
400 1937 410 1947 .
437 1901 801 1959 cataplasmetur
832 1904 901 1947 br.
1070 1907 1094 1946 5
1127 1902 1280 1947 infuso
1312 1903 1357 1946 Β
1377 1902 1496 1947 Get:
1528 1902 1578 1945 in
1609 1914 1735 1956 aqua

0 1965 3 1998 ἓ
52 1960 232 2005 infusus
266 1963 396 2016 (-81“1
427 1963 468 2017 r)
501 1962 573 2006 br.
695 1962 742 2004 et
772 1974 877 2005 cum
909 1960 1010 2005 oleo
1042 1962 1104 2006 br
1123 1962 1244 2007 Gel.:
1278 1976 1359 2007 om.
1393 1962 1452 2005 Β.
1576 1966 1600 2004 6
1634 1975 1735 2003 11111-

0 2052 3 2056 .
50 2019 145 2063 tari
168 2020 250 2064 Bb
282 2018 476 2076 (imitari
498 2023 562 2076 r):
593 2018 832 2064 immutari
857 2020 951 2065 Gel.
1074 2020 1266 2065 debebit
1290 2022 1368 2066 br:
1401 2019 1542 2064 debet
1564 2019 1610 2063 Β
1636 2019 1732 2064 Gez.

0 2114 3 2122 2
52 2078 198 2122 etiam
229 2079 276 2122 et
308 2079 426 2123 Gel.:
460 2077 603 2122 etiam
633 2078 693 2134 B,
725 2080 773 2122 et
804 2080 843 2134 b,
875 2093 958 2124 om.
990 2093 1025 2124 r.
1231 2085 1255 2124 7
1287 2078 1451 2123 hordei
1480 2079 1573 2134 ΥΒ,
1606 2076 1734 2121 ordei

0 2176 4 2181 .
56 2137 174 2182 Get:
208 2137 346 2181 ordeo
380 2139 419 2182 b.
601 2128 914 2193 superadditis
944 2139 1103 2181 tamen
1134 2138 1179 2181 Β
1199 2139 1318 2184 Gel.:
1352 2137 1525 2182 additis
1558 2139 1597 2192 b,
1628 2137 1734 2180 tad-

0 2237 3 2238 ?
54 2195 154 2239 deis
184 2210 222 2240 r.
482 2199 508 2238 8
539 2195 873 2252 hyoscyamum
901 2195 1066 2240 tritum
1099 2197 1194 2242 Gez.
1230 2197 1511 2253 (iusquiamfi
1543 2196 1659 2239 tritu
1693 2197 1733 2251 b,

54 2259 250 2309 ocyamfi
280 2253 396 2297 tritu
426 2256 488 2311 r):
522 2254 644 2298 ostia
673 2256 857 2298 mutatu
888 2256 948 2300 Β.
1173 2260 1199 2298 9
1234 2269 1371 2313 saepe
1402 2254 1580 2312 profuit
1614 2254 1734 2298 Get:

0 2347 2 2351 .
55 2326 137 2357 om.
170 2313 216 2356 Β
249 2312 455 2369 (prodest
486 2314 634 2370 simpl.
667 2314 756 2370 br).
916 2319 971 2359 10
1001 2314 1117 2358 10018
1147 2314 1394 2358 maturatis
1426 2315 1471 2358 Β
1493 2314 1610 2358 Geb:
1642 2311 1735 2356 loci

52 2370 326 2415 maturitate
359 2373 406 2427 b,
452 2371 567 2415 locis
612 2371 885 2416 maturitate
915 2387 952 2418 r.
1165 2379 1216 2416 11
1268 2373 1392 2429 quod
1438 2372 1519 2416 ille
1568 2371 1636 2415 ait
1666 2373 1735 2427 (in

52 2444 195 2489 marq.
227 2430 346 2474 Neu.
369 2429 604 2487 Vergilius
634 2432 729 2475 scil.
759 2445 904 2488 yeory.
930 2433 1036 2486 III,
1062 2434 1170 2489 468)
1201 2432 1246 2475 Β
1273 2433 1390 2476 Θεῖ.ε
1431 2445 1515 2475 om.
1548 2432 1608 2475 br
1640 2430 1736 2485 (ubi

52 2502 160 2534 mox
191 2488 358 2545 colpfi).
493 2494 547 2532 12
578 2490 799 2533 resecatis
830 2491 931 2535 Bb:
964 2490 1181 2534 reseratis
1218 2490 1310 2534 θεῖ.
1345 2488 1558 2545 (servatis
1588 2491 1643 2545 r).

55 2552 110 2591 13
145 2548 226 2591 sed
256 2549 310 2590 ut
339 2549 499 2591 tamen
534 2548 651 2593 Gel.:
684 2548 767 2591 sed
795 2550 955 2592 tamen
985 2550 1054 2605 B,
1085 2562 1166 2593 seu
1198 2550 1257 2594 br
1289 2547 1333 2604 (ἢ
1364 2551 1462 2606 yon).
1584 2546 1734 2590 isdem

0 2645 2 2649 ,
54 2607 123 2651 B:
156 2605 340 2649 hisdem
370 2607 430 2651 br
449 2606 544 2651 Gel.
706 2606 965 2650 evocaturis
997 2609 1076 2652 Br
1105 2609 1136 2651 i.
1171 2621 1204 2652 e.
1238 2606 1515 2657 evocatoriis
1548 2608 1594 2651 b:
1627 2618 1733 2650 evo-

0 2711 2 2714 ,
55 2665 185 2720 catas
206 2665 302 2710 Get.
395 2664 846 2720 extenuantibusque
878 2667 904 2710 b
928 2667 1033 2725 (que
1065 2668 1120 2723 r),
1154 2668 1201 2709 et
1232 2667 1321 2710 ext.
1339 2666 1399 2722 B,
1433 2667 1523 2711 ext.
1543 2667 1642 2722 (om.
1669 2666 1733 2721 et)

0 2763 2 2765 ,
58 2724 155 2768 Gel.
325 2727 380 2766 14
411 2737 551 2779 quam
581 2723 782 2768 maxime
815 2726 874 2768 br
893 2724 1010 2770 Get:
1043 2724 1169 2780 quod
1198 2725 1399 2769 maxime
1430 2725 1490 2770 Β.
1610 2736 1734 2767 1111110

55 2783 117 2826 br
136 2781 254 2826 Get:
287 2782 398 2825 tunc
428 2782 487 2828 Β.
607 2783 801 2827 incubat
831 2783 890 2827 Β.
1014 2787 1068 2827 15
1101 2782 1540 2833 formentationibus
1559 2785 1655 2840 (sic)
1672 2782 1732 2825 Β.

0 2861 2 2895 5
54 2844 111 2955 (17
145 2840 178 2883 11
209 2840 479 2956 evoc)at]1}ria
510 2843 560 2887 b:
600 2841 867 2886 evocatoria
896 2841 1014 2886 haec
1048 2842 1160 2899 Get,
1199 2842 1438 2888 vocatoria
1470 2843 1501 2886 h
1532 2858 1577 2899 r,
1616 2841 1735 2884 haec

72 2912 154 2944 om.
187 2911 311 2943 evoe.
410 2934 425 2947 .
