1950 3172
482 131 864 175 EUPORIST-ON
892 130 1321 174 FAENOMENON.
1679 126 1750 181 69

70 258 76 322 s
90 271 126 294 ·*”
161 284 267 319 ere
315 270 604 334 sanguinem
650 267 825 317 eliciat.
901 273 1073 333 postea
1110 282 1227 317 vero
1266 268 1528 316 transactis
1574 267 1751 331 primis

117 343 239 394 ebus
297 342 476 407 quibus
537 342 701 391 fervor
755 341 1006 391 observari
1057 342 1333 407 consuevit,
1387 349 1502 390 cum
1558 341 1750 389 saniare

20 471 21 474 Ἴ
61 410 305 483 '.··eperit,
359 431 530 466 ervum
574 417 750 465 tritum
796 430 910 464 cum
954 414 1099 464 melle
1144 414 1338 464 vulneri
1392 416 1613 479 impone,
1667 419 1752 462 aut

94 492 210 541 ntis
241 489 495 555 pulverem
527 504 641 539 cum
672 488 815 538 melle
848 489 1137 554 despumato
1171 488 1412 538 similiter.
1476 503 1600 552 quae
1631 502 1748 536 vero

51 573 66 627 js
94 586 101 609 ι
152 564 344 613 fervore
384 563 590 629 fuerint,
637 577 810 627 spuma
848 563 1039 626 argenti
1078 578 1190 611 cum
1228 561 1373 611 melle
1412 563 1528 610 trita
1568 566 1618 610 et
1657 562 1748 609 1111-
1795 570 1817 604 5

14 635 221 688 ''osita
282 639 515 686 continuo
575 637 781 700 mitigat.
881 636 1315 700 praefomentanda
1378 641 1494 685 sunt
1562 636 1753 683 interea

211 786 358 834 etiam
397 785 484 849 qui
521 783 762 832 humanos
800 797 996 831 morsus
1028 784 1298 849 patiuntur,
1338 781 1583 831 similibus
1616 781 1752 830 adiu-

14 916 18 926 ι
35 850 204 908 torus
244 857 539 923 supradictis
577 856 988 922 percurabuntur.

14 911 58 1018 ἡξ
212 933 255 980 si
285 947 402 980 vero
430 931 509 980 his
542 929 880 980 accidentibus
912 929 1201 978 vulneribus
1235 931 1383 978 etiam
1415 944 1596 977 nervus
1628 929 1753 977 forte
1772 926 1840 979 67

18 1007 49 1036 ⁶
63 1005 215 1055 fuerit
244 1005 542 1071 vulneratuS,
575 1006 627 1053 in
659 1019 755 1068 quo
781 1019 925 1068 grave
950 1003 1227 1087 periculum
1259 1003 1545 1067 frequenter
1577 1004 1754 1067 evenit,
1780 1014 1821 1045 11

22 1072 196 1128 Ἧι11116
239 1079 462 1128 eiusdem
492 1078 710 1127 vulneris
748 1078 1009 1142 patefactio
1045 1079 1183 1141 prius
1217 1076 1403 1125 diutius
1436 1075 1756 1125 custodienda

64 1158 166 1219 est,
204 1152 264 1201 ad
303 1154 491 1201 umoris
531 1167 591 1200 ex
629 1150 833 1200 vulnere
872 1152 1116 1200 venientis
1157 1151 1504 1216 digestionem,
1544 1164 1657 1198 cum
1697 1164 1757 1197 ex

47 1220 162 1275 'hoc
209 1228 423 1291 impetus
464 1231 514 1274 et
560 1225 754 1274 dolores
802 1227 956 1274 averti
1001 1226 1206 1289 possint.
1283 1225 1570 1288 frequenter
1610 1224 1758 1271 etiam

39 1299 205 1348 ..ferro
267 1300 393 1348 hanc
454 1300 786 1348 anastomosin
854 1314 1121 1363 procurare
1185 1297 1435 1347 debemus,
1529 1298 1758 1346 convenit
1783 1306 1826 1340 15

12 1391 14 1393 ’
67 1374 259 1422 interea
296 1388 414 1438 prae
448 1372 676 1421 omnibus
709 1374 857 1421 etiam
887 1372 966 1420 his
997 1371 1315 1420 flebotomum
1354 1370 1602 1436 adhibere,
1642 1385 1756 1419 con-

31 1441 36 1444 ’
70 1448 205 1495 venit
244 1448 392 1495 etiam
431 1461 516 1495 eos
555 1447 742 1494 ventris
785 1447 1075 1509 purgatione
1115 1447 1285 1493 iuvari.
1363 1459 1599 1508 aquarum
1640 1459 1756 1492 sane

13 1527 15 1533 ’
72 1519 343 1568 calidarum
390 1520 605 1567 fomenta
649 1519 879 1582 fugienda
919 1524 1054 1583 sunt,
1101 1533 1225 1582 quae
1266 1518 1554 1582 putredines
1596 1523 1645 1566 et
1682 1519 1756 1566 in-

72 1592 381 1656 dignationes
431 1607 574 1656 saepe
621 1597 1023 1655 procuraverunt.
1102 1592 1188 1640 sed
1236 1591 1342 1639 oleo
1391 1590 1642 1639 sabinensi
1680 1590 1757 1639 vel

14 1683 15 1712 1
71 1664 205 1714 dulci
258 1665 425 1729 tepido
481 1671 564 1714 aut
618 1671 751 1713 certe
806 1670 998 1713 vetusto
1054 1665 1340 1729 frequenter
1392 1663 1595 1713 vulnera
1648 1665 1756 1728 ipsa
1780 1675 1824 1708 20

14 1783 15 1786 ,
70 1738 276 1786 fovenda
331 1744 458 1787 sunt.
542 1738 698 1786 viride
753 1753 868 1787 vero
923 1738 1087 1787 oleum
1140 1738 1216 1786 vel
1271 1737 1503 1802 gremiale
1557 1739 1754 1802 penitus

69 1811 319 1860 vitandum
360 1817 448 1860 est.
525 1817 639 1860 utor
682 1817 895 1860 attamen
939 1819 1051 1876 post
1098 1812 1501 1860 fomentationem
1542 1811 1638 1860 olei
1677 1827 1755 1860 ca-

16 1971 17 1976 ,
192 1928 215 1966 1
250 1922 410 1967 eliciat
441 1922 629 1979 (eliceat
659 1925 700 1980 r)
731 1923 796 1968 B:
838 1923 978 1967 eiciat
1010 1925 1034 1967 b
1055 1924 1150 1969 Gel.
1332 1923 1754 1967 transactis—con-

15 1981 18 2042 ζ
70 1981 226 2027 suevit
257 1983 282 2026 b
302 1982 420 2027 Get:
452 1996 534 2026 om.
566 1983 658 2026 ΥΒ.
751 1987 776 2025 2
810 1996 914 2025 611111
946 1982 1130 2026 saniare
1161 1982 1337 2040 (sanari
1360 1983 1422 2039 Β)
1455 1982 1630 2039 ceperit
1652 1984 1752 2028 rB:

68 2055 152 2095 om.
186 2042 211 2085 b
231 2041 326 2086 θεῖ.
451 2046 474 2085 7
508 2039 667 2098 gelida
698 2042 775 2085 rB
795 2042 913 2086 GeL:
945 2041 1119 2099 frigida
1151 2044 1189 2086 b.
1320 2047 1345 2086 8
1380 2041 1611 2085 similibus
1642 2044 1755 2099 (ete-

17 2123 20 2136 ι
70 2099 171 2143 nim
201 2100 307 2144 add.
343 2100 459 2157 Get)
490 2103 570 2143 rb:
605 2098 835 2143 similibus
867 2114 949 2144 om.
982 2101 1041 2145 Β.
1201 2105 1226 2143 9
1260 2102 1307 2144 et
1337 2101 1561 2157 (suprad.)
1594 2103 1619 2145 b
1651 2104 1753 2167 (om.

18 2209 20 2215 .
68 2159 153 2202 rB
172 2158 300 2215 Gel..)
482 2162 537 2201 10
568 2157 688 2202 forte
721 2159 816 2203 Gel.
841 2159 1000 2216 (fortes
1030 2161 1091 2216 1)·
1126 2174 1207 2204 om.
1243 2160 1336 2204 bB.
1512 2164 1565 2203 11
1600 2159 1757 2204 evenit

18 2237 20 2275 ;
69 2217 149 2261 rB
169 2217 287 2261 Gela
327 2215 514 2260 eveniat
554 2218 594 2260 b.
776 2222 829 2260 12
870 2217 989 2261 cutis
1029 2217 1237 2263 eiusdem
1275 2217 1480 2262 vulneris
1521 2221 1566 2275 b,
1609 2218 1753 2262 coctis

70 2274 279 2318 eiusdem
307 2274 513 2318 vulneris
548 2276 666 2320 Gel..
707 2275 836 2319 cuius
870 2276 1144 2333 (patefactio
1175 2277 1304 2334 prius
1345 2276 1652 2320 custodienda
1684 2279 1755 2321 est

66 2335 148 2390 sic)
180 2335 238 2378 Β.
388 2333 645 2391 patefactio
678 2335 777 2380 bB.
811 2336 917 2379 —to
948 2351 973 2380 r
991 2336 1089 2381 Gel.
1242 2341 1295 2379 13
1327 2335 1559 2379 venientis
1590 2351 1615 2380 r
1634 2337 1753 2381 Geb-

20 2430 22 2432 ,
69 2391 308 2436 veniemus
339 2393 386 2436 Β
417 2391 494 2449 (ab
526 2393 717 2437 humore
749 2407 806 2437 ex
834 2409 877 2438 v.
909 2393 1123 2438 veniente
1149 2396 1205 2450 b).
1328 2408 1433 2437 cum
1465 2396 1489 2438 b
1510 2395 1628 2439 Gel..
1661 2408 1753 2450 quo

20 2495 21 2498 ,
67 2452 160 2496 rB.
333 2455 387 2494 14
417 2451 618 2508 impetus
651 2453 698 2495 et
729 2452 924 2510 dolore(i
954 2455 1019 2510 r)s
1050 2454 1261 2498 rBGel.:
1294 2452 1468 2496 doloris
1500 2452 1679 2509 impetu
1711 2467 1751 2498 a.

67 2509 235 2568 possit)
267 2511 304 2554 b.
432 2515 485 2553 15
519 2510 839 2554 anastomasin
869 2513 967 2569 (sic)
997 2512 1090 2556 rB.
1221 2516 1275 2554 16
1308 2510 1452 2554 etiam
1483 2510 1556 2554 1116
1588 2513 1646 2568 Β,
1678 2511 1753 2556 1116

69 2571 169 2627 (om.
203 2568 364 2625 etiam)
388 2584 431 2613 r:
465 2569 538 2612 his
570 2569 714 2613 etiam
747 2570 844 2615 Get.
870 2573 972 2626 (om
997 2571 1053 2627 b).
1177 2574 1231 2613 16
1255 2569 1569 2614 flebotismum
1593 2572 1690 2627 (sic)
1707 2571 1754 2615 Β

22 2649 23 2656 ¹
69 2627 402 2730 ffibotomari·
411 2629 466 2684 b).
591 2632 645 2671 18
669 2627 938 2696 putredines
972 2630 1019 2672 et
1049 2627 1398 2686 indignationes
1429 2629 1564 2674 er:
1595 2630 1752 2687 putre-

22 2699 24 2741 ]
48 2727 55 2742 „
154 2701 195 2730 16
227 2688 276 2731 et
305 2686 470 2744 indign
473 2686 644 2731 ationis
669 2687 934 2731 occasiones
969 2688 1064 2733 Gel.
1187 2692 1243 2730 20
1275 2689 1399 2731 certe
1427 2702 1509 2732 om.
1533 2703 1559 2732 r
1582 2690 1750 2746 (soboas).

24 2797 25 2802 ¹
68 2748 124 2789 21
157 2745 360 2789 fovenda
390 2746 528 2791 er.
560 2745 864 2790 fomentanda
897 2747 991 2791 Gel.
1123 2747 1231 2789 sunt
1261 2747 1394 2792 er:
1428 2749 1563 2791 erunt
1595 2748 1690 2793 Get.

48 2807 126 2864 ,22
156 2803 403 2848 vitandum
432 2805 512 2849 rB
530 2805 648 2850 Gela
681 2804 954 2849 evitandum
984 2806 1022 2850 b.
1114 2806 1221 2849 utor
1253 2807 1463 2849 attamen
1493 2821 1534 2851 r:
1570 2807 1625 2850 ut
1649 2808 1754 2851 orat

24 2885 25 2899 ³
37 2876 139 2932 fsstn
154 2879 194 2934 b,
224 2879 279 2922 ut
309 2891 391 2922 ora
420 2879 579 2922 tamen
602 2879 669 2924 Β·
700 2878 815 2922 hora
844 2880 1005 2923 tamen
1031 2879 1125 2924 θεῖ.
1249 2878 1340 2923 0161
1361 2870 1424 2924 §S
1457 2879 1600 2923 solius
1631 2881 1752 2924 tere·

24 2913 260 3018 :speutine
290 2935 441 2981 resine
474 2938 513 2982 b.
