1988 3184
485 149 950 194 ANTIDOTARIUM
978 153 1427 197 BRUXELLENSE.
1696 150 1766 204 37
1771 150 1804 203 9

0 323 1 333 ,
75 281 108 334 9
270 283 350 333 Ad
389 282 653 334 calculos
692 279 1103 353 expellendos}
1142 289 1290 337 etiam
1327 288 1612 338 infantibus,
1651 303 1806 338 unum

89 363 91 366 ⁴
125 357 368 408 calculum
418 359 703 424 porcinum,
759 361 964 408 seminis
1011 360 1262 427 cauliculi,
1316 364 1518 428 cymini,
1572 362 1806 411 bacarum

44 450 48 453 ’
124 430 251 481 lauri
290 433 534 481 siccarum
571 431 887 498 mundarum,
925 434 1112 497 piperis
1158 437 1332 484 unciae
1371 434 1530 494 binae.
1568 435 1689 484 haec
1730 451 1805 484 se-

123 506 333 589 paratim
369 504 645 554 tunduntur
684 511 733 554 et
770 504 895 554 bene
936 505 1187 555 cribellata
1227 509 1279 556 in
1317 523 1472 558 unum
1514 508 1806 572 rediguntur

124 580 177 626 in
223 577 352 626 dolio
398 579 568 627 vitreo,
610 577 749 627 dabis
790 577 1010 627 cocleare
1058 579 1259 643 plenum
1297 583 1349 630 in
1388 597 1597 631 caroeno
1637 583 1805 630 mixtis

125 653 279 715 cyatis
316 651 491 701 tribus.

37 719 109 774 60
271 724 351 773 Ad
398 724 598 774 cordis
645 723 933 792 dolorem,
987 688 1136 774 etiam
1182 728 1225 775 si
1273 729 1412 791 spina
1459 727 1683 776 doluerit
1738 727 1805 776 la-

126 799 249 847 saris
297 799 542 863 cyrenaici
596 812 746 861 grana
791 799 888 846 tria
936 798 1135 864 detrita,
1182 799 1341 848 mellis
1390 806 1438 849 et
1484 802 1610 849 aceti
1650 816 1804 865 aequo

124 871 342 937 pondere
380 879 437 920 ut
474 871 620 920 faciat
659 876 823 935 cyatos
862 877 981 937 treS,
1019 871 1167 921 bibat.

37 941 104 994 61
271 944 350 993 Ad
382 946 806 1008 auriginosum,
849 944 1054 993 herbam
1085 946 1464 1011 aristolochiam,
1496 962 1721 995 muscum
1746 947 1804 995 de

123 1024 254 1067 tecto
294 1033 440 1083 quem
479 1019 644 1067 fumus
683 1033 784 1066 non
821 1019 1005 1083 tetigit7
1053 1020 1104 1066 in
1145 1034 1197 1068 se
1236 1021 1380 1085 teriS,
1431 1026 1480 1068 et
1527 1022 1715 1083 spargis
1754 1022 1807 1068 in

126 1107 346 1157 corpore.
386 1090 463 1140 vel
500 1091 755 1156 pulverem
786 1093 950 1155 ipsum
982 1091 1136 1157 dahis,
1177 1108 1288 1140 cum
1318 1095 1432 1141 vino
1463 1095 1620 1141 veteri
1658 1092 1806 1141 bibat.

38 1162 108 1214 62
273 1165 352 1214 Ad
399 1164 703 1214 auriculae
751 1164 1028 1213 dolorem.
1083 1164 1265 1214 malum
1318 1172 1575 1230 granatum
1622 1168 1808 1214 siccum

124 1240 369 1304 exinaniS,
421 1244 470 1287 et
514 1240 672 1287 mittis
718 1237 880 1286 mellis
927 1237 1167 1287 coclearia
1215 1239 1311 1288 duo
1360 1245 1409 1288 et
1448 1241 1574 1288 aceti
1621 1239 1808 1302 glutum

123 1328 291 1361 unum.
349 1311 523 1360 bulliat
569 1314 622 1360 in
669 1327 720 1359 se
767 1313 931 1375 ipsum
976 1311 1159 1360 malum
1207 1318 1476 1376 granatum.
1532 1313 1591 1361 de
1640 1312 1808 1376 argilla

127 1386 310 1434 deforis
356 1384 472 1433 linis
517 1391 572 1433 ut
617 1384 743 1433 bene
790 1383 975 1433 bulliat.
1032 1387 1178 1434 etiam
1234 1386 1455 1450 tepidum
1501 1401 1591 1449 per
1637 1386 1807 1434 folium

126 1459 253 1508 lauri
291 1460 447 1506 mittis
486 1460 538 1506 in
578 1457 880 1506 auriculam..

37 1529 137 1586 63,
273 1531 352 1580 Ad
391 1533 824 1580 intestinorum
864 1530 1140 1580 dolorem.
1181 1531 1453 1581 brassicam
1483 1531 1806 1580 britannicam

125 1607 340 1654 conteris
373 1611 422 1653 et
454 1620 627 1654 sucum
659 1606 765 1653 eius
797 1606 851 1652 111
882 1619 1035 1668 aquae
1077 1604 1260 1654 calidae
1295 1608 1446 1670 cyatis
1477 1604 1636 1654 tribus
1670 1605 1806 1653 dabis

124 1678 309 1727 bibere.
350 1684 432 1727 aut
471 1680 721 1742 cyminum
759 1677 1022 1742 hispanum
1054 1678 1206 1727 dabis,

244 1839 269 1877 2
301 1833 481 1890 porcini
513 1834 573 1877 Β.
697 1847 829 1877 sem.
858 1868 866 1877 .
894 1832 1116 1889 .cyminu
1140 1833 1341 1879 bacael.
1369 1833 1489 1879 sicce
1521 1833 1722 1876 mundae
1747 1832 1806 1876 B.

126 1899 152 1936 3
190 1892 300 1936 bine
330 1894 434 1946 (sic)
463 1893 522 1937 B.
704 1896 730 1935 5
776 1892 827 1935 in
873 1905 1070 1937 caroeno
1116 1892 1296 1937 mixtis:
1340 1892 1390 1935 in
1436 1892 1617 1936 coclera
1660 1891 1807 1934 mixta

123 1953 226 2007 (sic)
252 1952 298 1995 B
328 1952 428 2003 (ubi
471 1953 587 1995 male
633 1951 740 2008 Zeyit
785 1952 852 1995 ed.
892 1950 965 1993 in*
1004 1951 1202 2008 codera).
1251 1953 1308 2006 cf.
1355 1952 1484 2006 infra
1526 1953 1628 1995 129.

130 2014 181 2054 18
206 2009 519 2054 stantinorum
548 2011 595 2053 B
617 2014 747 2061 (corr.
774 2011 828 2054 ed
832 2014 874 2065 ..)
1026 2014 1082 2053 20
1113 2011 1185 2054 hic
1214 2012 1418 2066 sequitur
1447 2012 1499 2053 in
1529 2011 1623 2054 cod.
1656 2009 1805 2052 Bruoe.

125 2069 221 2121 sine
245 2069 505 2113 discrimine
528 2070 746 2113 insertum
767 2069 1071 2126 fragmentum
1099 2070 1383 2113 notissimum
1407 2070 1526 2125 qnod
1548 2082 1603 2112 ex
1627 2068 1808 2111 Dioclis

126 2129 189 2193 ad
218 2127 494 2193 Antiochum
530 2128 720 2194 epistola
756 2141 920 2184 yraeca
939 2128 1205 2170 derivatum
1242 2133 1305 2171 est
1343 2126 1517 2182 Corpus
1549 2126 1696 2182 igitur
1726 2125 1808 2168 ho-

127 2185 266 2229 minis
299 2185 551 2230 dividimus
583 2186 633 2228 in
665 2187 867 2240 quatuor
888 2186 1046 2241 partes
1072 2187 1214 2241 caput
1235 2187 1397 2240 pectus
1423 2186 1634 2228 ventrem
1665 2186 1806 2238 atque

125 2243 364 2300 vesicam
430 2246 592 2299 ,.(des)
625 2244 858 2299 leliquum
888 2245 1071 2299 tempus
1103 2242 1243 2286 facile
1273 2243 1497 2286 transibis
1531 2242 1629 2285 sine
1657 2241 1807 2285 valla-

124 2296 254 2346 tione
285 2303 572 2347 medicorum
590 2304 675 2359 (ed.
707 2304 740 2357 f.
768 2305 1017 2356 91b—93b).
1050 2303 1169 2345 idem
1199 2303 1346 2345 eodem
1377 2302 1551 2345 ambitu
1579 2301 1807 2357 fraqmen-

128 2367 225 2406 twm
254 2367 378 2406 extat
407 2363 460 2405 in
489 2363 582 2406 cod.
608 2362 864 2415 Hafniensi
892 2366 973 2405 vet.
1005 2373 1093 2416 req.
1119 2362 1241 2403 1653
1264 2361 1329 2403 sic
1351 2360 1621 2414 inscriptum
1636 2359 1687 2412 (f.
1709 2360 1807 2412 75b)

128 2420 247 2463 Item
278 2420 449 2477 dogma
486 2418 747 2476 Ippocratis
775 2421 892 2474 (post
923 2417 1096 2460 librum
1135 2417 1249 2460 artis
1289 2416 1567 2473 medicinae)
1591 2417 1806 2460 eiusdem—

125 2492 209 2534 que
233 2480 492 2535 particulas
521 2481 716 2522 insertas
738 2478 872 2521 habes
894 2478 947 2519 in
969 2482 1198 2530 excerptor
1198 2490 1276 2519 um
1297 2477 1569 2519 medicorum
1591 2476 1807 2532 conyerie,

126 2550 262 2593 quam
277 2536 446 2582 Sorani
467 2539 679 2593 isayoyen
702 2536 823 2579 dixit
842 2535 985 2578 editor
1000 2532 1058 2577 A
1082 2534 1278 2578 Torinus
1296 2534 1430 2588 (Bas.
1446 2535 1588 2587 1528)
1605 2534 1639 2587 f.
1651 2536 1806 2576 3c—4b

128 2597 183 2649 -Ι-
209 2598 392 2639 2ᾱ-3α.
424 2608 511 2638 sua
541 2600 690 2638 autem
719 2594 1014 2648 inscriptione
1043 2591 1292 2647 Ypocratis
1325 2591 1526 2648 epistola
1557 2592 1619 2635 ad
1649 2605 1807 2648 regem

127 2651 413 2696 Antiochum
452 2666 588 2709 quam
618 2652 834 2708 plurimis
872 2650 1085 2705 ememplis
1126 2656 1168 2694 et
1211 2652 1402 2706 repetita
1439 2655 1481 2694 et
1525 2655 1704 2694 mutata
1747 2651 1804 2694 le-

127 2713 264 2769 yitwr.
306 2715 412 2767 post
440 2711 558 2755 hanc
596 2711 741 2767 iyitwr
778 2709 1012 2765 epistolam
1057 2709 1202 2753 altera
1245 2710 1543 2753 remediorum
1579 2711 1711 2754 series
1741 2723 1805 2753 se-

128 2770 305 2826 quitur,
343 2782 479 2825 quam
503 2769 656 2824 priori
685 2768 919 2824 subiwnyo.

1833 957 1874 988 10

1836 1322 1876 1355 15

1830 1688 1873 1719 20
