1950 3172
487 158 868 203 EUPORISTON
895 153 1323 200 FAENOMENON.
1677 152 1743 204 11

16 289 92 348 ιῑὲ
215 297 295 347 Ad
326 297 622 346 defectum
664 294 1040 359 capillorum,
1768 292 1838 346 10

217 373 303 436 qui
355 369 659 435 aegritudine
714 368 903 435 prolixa
964 381 1109 431 saepe
1163 366 1416 429 contingit.
1501 363 1749 412 coriandri

66 446 273 496 seminis
310 446 483 494 uncias
512 443 570 509 ΙΙ,
609 443 789 507 cymini
827 440 1055 490 anatolici
1092 439 1190 489 unc
1223 437 1252 489 1
1268 478 1282 505 ‚
1319 437 1501 487 herbae
1539 438 1748 502 periste-

66 532 248 568 reonos
286 516 385 567 unc
425 514 471 566 1.
533 517 696 565 omnia
732 515 964 564 infundes
995 516 1046 563 in
1086 513 1182 562 olei
1218 513 1400 562 murtei
1432 512 1658 560 sextariis
1682 509 1749 558 III

66 597 121 642 et
163 593 268 640 vini
313 591 510 655 styptici
547 589 776 638 sextariis
815 587 879 654 Π,
926 593 975 636 et
1019 593 1131 652 post
1181 588 1386 636 tertium
1435 585 1565 634 diem
1611 583 1748 632 molli
1793 601 1814 635 5

66 676 246 730 vapore
292 677 474 728 coques
520 661 751 727 quamdiu
797 662 899 709 vini
944 662 1148 710 materia
1193 664 1532 724 consumatur,
1585 663 1636 707 et
1680 658 1749 706 ita

64 739 236 787 uteris,

215 810 372 874 adipis
395 809 556 858 ursini
578 809 751 865 uncias
774 807 832 872 Π,
862 809 1046 856 veretri
1070 808 1196 855 asini
1220 805 1465 855 combusti
1494 806 1667 854 uncias
1690 803 1748 869 ΙΙ,

64 882 328 953 pplytrichi
362 881 463 932 unE
491 881 534 948 l,
579 880 808 946 polygoni
846 879 945 930 unE
975 879 1085 946 1111,
1132 881 1314 928 murtei
1361 877 1458 927 olei
1495 878 1658 942 pondo
1690 877 1746 926 ΙΙ.

68 958 232 1005 'omnia
268 961 414 1006 tunsa
453 960 502 1004 et
533 953 784 1004 cribellata
823 953 1167 1003 commiscebis
1206 958 1255 1001 et
1292 953 1462 1001 uteris
1774 970 1815 1002 10

212 1028 487 1078 Psilotra.
543 1027 744 1093 capillos
768 1027 889 1076 locis
920 1028 1110 1092 propiis
1135 1024 1405 1091 defugabiS,
1437 1026 1480 1074 si
1511 1025 1747 1088 vesperti-
1768 1029 1834 1081 11

68 1101 255 1152 lionum
294 1101 496 1152 cerebra
534 1101 648 1150 lacti
685 1100 915 1150 muliebri
963 1102 1174 1149 contrita
1213 1100 1532 1148 commisceas
1572 1103 1621 1146 et
1658 1112 1748 1161 pro

68 1181 319 1240 unguento
359 1174 603 1224 adhibeas,
682 1180 765 1223 aut
805 1176 847 1222 si
885 1173 1125 1223 marrubii
1150 1187 1346 1222 sucum
1392 1171 1506 1221 lacti
1553 1172 1747 1220 asinino

68 1251 388 1299 commisceas
420 1254 468 1298 et
501 1247 729 1297 similiter
760 1247 865 1296 loca
898 1247 1155 1296 confriceS.
1217 1246 1310 1295 hoc
1342 1250 1391 1295 et
1420 1246 1565 1294 tunni
1595 1246 1748 1309 piscis

70 1321 138 1371 fel
175 1322 385 1371 hederae
424 1321 652 1371 lacrimae
692 1323 1011 1370 commixtum
1050 1320 1182 1369 idem
1221 1320 1350 1385 facit,
1390 1324 1439 1368 et
1478 1320 1521 1367 si
1560 1318 1745 1383 leporis
1771 1338 1812 1371 15

71 1397 306 1460 sanguine
346 1397 536 1444 recenti
580 1394 687 1444 loca
734 1396 1001 1458 contingas,
1073 1393 1334 1442 sandaraca
1380 1398 1429 1441 et
1466 1392 1748 1457 hyoscyami

187 1614 209 1652 1
245 1610 425 1666 (Rubr.)
470 1608 545 1651 Ad
589 1607 897 1651 defectionem
943 1606 1220 1663 capillorum
1267 1605 1435 1660 quibus
1483 1604 1748 1664 egritudine

67 1680 224 1711 carere
254 1666 426 1724 prolixi
456 1679 564 1723 sepe
597 1665 839 1723 contingit.
871 1666 969 1710 IIII.
1003 1667 1068 1710 B:
1101 1664 1175 1708 Ad
1207 1663 1441 1708 defectum
1473 1677 1527 1707 ca
1562 1663 1750 1708 illorum

67 1726 148 1783 qui
179 1740 216 1771 e.
249 1725 431 1783 prolixa
463 1739 497 1768 S.
527 1739 564 1769 c.
588 1740 614 1769 ‘r
638 1726 735 1781 (ubi
757 1730 862 1782 post
891 1726 959 1770 tit.
992 1723 1066 1767 Ad
1092 1724 1134 1768 d.
1161 1738 1198 1768 c,
1225 1725 1249 1768 b
1280 1725 1333 1767 in
1354 1728 1483 1768 textu
1551 1722 1599 1766 ui
1630 1722 1749 1780 egri—

67 1784 222 1829 tudini
251 1783 434 1842 prolixa
467 1798 500 1828 s.
532 1782 677 1841 Effugi).
866 1788 892 1826 3
923 1783 1235 1840 peristheoros
1267 1783 1326 1835 B,
1358 1781 1677 1839 yperistereon
1709 1784 1748 1838 b,

65 1843 351 1900 peristereon
381 1858 417 1887 r.
564 1846 590 1885 3
614 1841 664 1885 in
695 1841 787 1886 olei
816 1842 985 1899 myrtei
1017 1843 1064 1886 et
1093 1840 1194 1884 vini
1223 1840 1372 1884 tritici
1404 1842 1500 1898 (sic)
1533 1840 1747 1885 sextariis

67 1902 123 1947 II.
157 1904 215 1958 B,
248 1902 298 1945 in
329 1901 431 1945 oleo
463 1900 651 1945 mirtino
691 1901 753 1946 S‘S.
786 1901 862 1946 III.
896 1902 943 1944 et
972 1900 1072 1945 vini
1104 1899 1283 1956 stiptici
1321 1900 1382 1944 95.
1415 1900 1471 1943 II.
1505 1901 1543 1954 b,
1574 1899 1625 1943 in
1657 1899 1749 1943 olei

66 1974 259 2031 myrtini
291 1973 494 2019 sextarii.
527 1974 603 2019 III.
638 1975 685 2017 et
714 1989 756 2018 v.
790 1989 823 2018 s.
859 1976 970 2018 sext.
1003 1974 1057 2018 Π.
1090 1989 1127 2018 r.
1274 1980 1299 2017 5
1324 1986 1466 2028 quam
1497 1971 1604 2017 diu.
1627 2009 1635 2017 .
1656 1973 1746 2017 .B:

67 2047 307 2090 quousque
352 2033 512 2077 vinum
559 2034 858 2077 consumatur
887 2033 1068 2089 (-etur
1106 2034 1146 2089 r>
1186 2034 1256 2076 br.
1490 2036 1515 2075 8
1562 2031 1746 2075 ursinus

69 2093 212 2149 adeps
246 2094 286 2145 b,
318 2091 466 2135 ursini
498 2090 650 2148 adipis
680 2106 719 2136 r.
944 2096 970 2135 9
1000 2090 1209 2147 politrioi
1239 2095 1342 2135 unc.
1377 2090 1410 2134 I.
1444 2092 1509 2135 B:
1542 2090 1748 2146 politi-ici

68 2151 212 2210 herbe
244 2150 284 2194 11
316 2161 372 2199 «ἰν
404 2153 522 2207 (cum
551 2164 640 2194 ras.
668 2151 707 2206 b,
742 2152 811 2206 ᾛ
836 2150 891 2195 Π.
923 2152 964 2207 r)
996 2152 1068 2195 br.
1157 2149 1300 2206 polig.
1332 2149 1475 2193 herbe
1506 2164 1543 2194 r.
1656 2149 1749 2193 olei

67 2239 183 2294 mi(y
205 2238 373 2295 ¹1·)rtini.
408 2220 436 2294 f)
468 2237 523 2282 V.
557 2239 678 2293 (pon.
711 2238 754 2281 V
784 2240 824 2294 r)
856 2239 927 2283 br.
1052 2242 1106 2282 10
1138 2237 1361 2282 comisces
1393 2238 1488 2293 Bb,
1524 2236 1647 2281 —cis
1679 2253 1715 2282 r.

68 2296 213 2341 uteris
245 2298 320 2342 br:
353 2296 497 2341 uteris
529 2295 724 2352 psilotro
750 2298 884 2353 (quod
915 2298 976 2342 ad
1006 2311 1091 2353 seq.
1119 2298 1333 2355 pertinet)
1359 2297 1404 2340 B
1604 2303 1652 2339 11
1685 2298 1750 2351 (et

72 2355 235 2412 uteris)
265 2355 462 2412 psilotro
496 2354 1009 2413 Capillos—defugabis
1041 2357 1108 2400 B:
1141 2356 1300 2411 (rubr.)
1327 2353 1533 2410 Capillos
1559 2353 1609 2397 in
1631 2354 1746 2398 locis

69 2413 118 2458 in
150 2414 319 2470 quibus
349 2413 551 2458 volueris
581 2416 612 2459 ἶι
642 2416 896 2458 nascantur
926 2416 974 2470 b,
1015 2413 1062 2458 G.
1094 2413 1145 2457 in
1182 2412 1298 2457 locis
1338 2413 1506 2468 quibus
1546 2412 1749 2456 volueris

68 2471 200 2517 nasci
222 2486 316 2517 non
331 2472 475 2516 facies
500 2487 535 2527 c,
561 2473 765 2530 Capillos
790 2472 839 2516 in
869 2472 984 2517 locis
1009 2486 1109 2516 esse
1132 2485 1225 2515 non
1249 2471 1394 2515 faciet
1415 2486 1452 2515 r.
1555 2470 1750 2515 121acte

68 2530 289 2575 muliebri
318 2533 378 2587 B,
410 2531 526 2575 lacti
556 2531 763 2576 mulieris
796 2533 856 2576 br
997 2530 1200 2575 contrita
1230 2532 1328 2574 Br:
1360 2529 1474 2572 trita
1506 2530 1544 2574 b.
1666 2543 1750 2586 pro

67 2591 306 2648 unguento
338 2591 418 2635 br:
450 2604 532 2635 om.
565 2592 624 2635 B.
801 2595 852 2633 13
886 2603 994 2634 suco
1024 2589 1100 2633 lac
1132 2588 1291 2632 asinae
1323 2589 1381 2632 B.
1557 2592 1614 2631 14
1645 2602 1750 2632 con-

68 2648 207 2693 frices
239 2650 317 2693 br:
351 2648 596 2707 contingas
628 2651 687 2694 B.
825 2649 914 2692 hoc
1035 2648 1160 2691 idem
1190 2646 1307 2691 facit
1338 2647 1403 2691 B:
1435 2646 1584 2690 Piscis
1614 2647 1750 2691 tunni

69 2707 206 2764 (tymi
234 2710 276 2764 r)
319 2707 398 2752 fel.
438 2707 607 2767 hedere
633 2707 727 2764 (ed.
767 2709 815 2764 r)
860 2706 1053 2750 lacrimo
1079 2707 1167 2762 (sic
1199 2707 1280 2762 br)
1328 2705 1530 2749 comixtfi
1574 2707 1678 2762 (-0
1709 2709 1749 2763 r)

69 2765 243 2810 illinito
273 2767 346 2811 rb.
439 2770 494 2809 15
525 2766 695 2811 hedere
726 2765 918 2810 lacrimo
949 2767 1030 2810 rb:
1062 2764 1225 2808 ladani
1247 2764 1443 2808 lacrima
1470 2765 1625 2821 (falsoe
1657 2767 1748 2811 vid.

67 2824 224 2870 Diosc.
256 2830 305 2881 2,
335 2828 441 2870 210.
477 2826 553 2870 Ps.
590 2826 693 2871 Gal.
725 2839 877 2882 emtor.
910 2830 959 2880 2,
988 2829 1029 2869 4.
1064 2823 1202 2879 XIV,
1236 2826 1340 2880 394)
1373 2824 1432 2868 Β.
1533 2825 1580 2868 et
1609 2823 1651 2868 si
1682 2825 1749 2869 B:

68 2897 152 2929 om.
186 2885 260 2928 br.
394 2888 446 2928 16
479 2883 754 2942 sanguinem
777 2886 878 2939 (—e
909 2885 952 2940 b)
983 2883 1216 2927 recentem
1240 2884 1340 2939 (—e
1373 2883 1418 2940 b>
1451 2883 1521 2927 br.
1644 2896 1750 2927 con-

68 2941 226 2999 tingas
258 2944 324 2988 B:
358 2956 473 3000 —ge
505 2945 544 3000 b,
580 2942 709 3001 ÷git
738 2957 775 2988 r.
