1950 3172
798 118 1075 162 Loemns,
1669 114 1771 167 151

94 260 292 321 verent,
339 256 529 304 sonitus
575 268 775 304 suarum
813 255 1007 303 aurium
1045 258 1381 318 expavescant.
1459 268 1572 302 cum
1610 258 1774 302 autem

91 323 399 378 commoveri
423 329 690 394 coeperint,
714 327 974 392 aliquando
991 342 1105 376 cum
1119 326 1365 376 hilaritate
1391 331 1774 391 commoventur,

97 401 397 467 aliquotiens
435 403 728 451 irascuntur.

246 475 337 524 hos
385 474 591 524 sollicite
645 473 893 524 custodire
948 475 1207 523 conveniet
1252 479 1301 523 et
1347 475 1419 522 eis
1458 472 1775 523 flebotomum

93 548 347 597 adhibere.
433 550 552 597 item
602 553 714 612 post
765 549 916 596 totius
971 549 1193 612 corporis
1246 548 1404 596 varias
1457 549 1773 612 purgationes

97 621 470 671 fomentandum
508 626 584 670 est
621 626 767 685 caput
804 635 975 669 eorum
1015 620 1120 669 oleo
1159 620 1380 670 nardino,
1458 626 1508 670 et
1546 621 1774 670 ordinan-

95 694 219 744 dum
263 701 340 743 est
391 700 447 743 ut
491 694 797 758 frequentius
848 699 1064 759 vomant,
1119 699 1168 742 et
1221 694 1363 743 cibis·
1400 693 1668 743 levioribus
1715 709 1775 743 ex

93 783 226 832 aqua
264 767 419 817 calida
463 769 756 815 nutriantur.
834 766 1154 815 alienationes
1199 782 1315 815 vero
1363 782 1533 816 eorum
1574 770 1617 816 si
1663 782 1775 816 cum

97 842 205 890 risu
258 841 464 906 fuerint,
516 839 791 889 terroribus
847 840 1109 888 coercendi
1162 846 1332 905 erunt,
1386 841 1605 890 furorem
1658 856 1773 890 vero

93 913 404 963 mollioribus
434 912 783 962 blandimentis
814 911 971 962 lenire
1004 914 1274 962 conveniet.
1330 916 1519 962 interea
1548 929 1632 963 eos
1657 913 1773 978 liga-

91 988 223 1036 turis
249 986 552 1036 commodius
578 986 924 1036 custodiemus,
976 986 1258 1035 cubiculum
1282 988 1355 1036 eis
1380 989 1431 1035 in
1455 987 1776 1036 inferioribus

96 1060 460 1125 procurandum
507 1066 604 1125 est,
656 1075 719 1108 ne
768 1075 859 1124 per
905 1062 1259 1109 commotiones
1305 1062 1595 1125 praecipitio
1644 1061 1775 1110 deci-

93 1135 309 1198 piantur.
380 1139 523 1198 caput
562 1135 633 1182 eis
672 1138 784 1198 post
823 1134 1038 1182 fomenta
1077 1133 1172 1182 olei
1210 1134 1407 1182 nardini
1444 1134 1521 1183 vel
1553 1134 1774 1183 chamae-

96 1206 270 1256 melini
315 1207 584 1256 radendum
632 1213 728 1272 est,
774 1208 892 1255 item
939 1209 1086 1255 etiam
1126 1207 1469 1256 scarifandum.
1548 1210 1775 1257 convenit

95 1282 287 1329 interea
327 1282 475 1328 etiam
513 1282 832 1344 sanguisugas
872 1279 1109 1329 adhiberi.
1184 1283 1446 1329 transactis
1486 1297 1601 1330 vero
1643 1297 1773 1330 com-

97 1353 399 1402 motionibus
439 1359 488 1402 et
525 1354 623 1401 iam
662 1355 842 1417 quietis
881 1355 1124 1417 passionis
1163 1354 1495 1419 temporibus,
1536 1355 1654 1403 ordo
1703 1356 1774 1404 eis

97 1426 312 1492 cyclicus
346 1426 645 1475 ordinandus
678 1431 768 1492 est,
805 1432 861 1475 ut
892 1442 951 1475 ex
983 1442 1040 1475 eo
1073 1442 1303 1490 magnum
1332 1427 1628 1477 beneficium
1661 1443 1774 1476 con-

98 1506 381 1564 sequantur.
458 1506 507 1548 et
546 1501 589 1548 si
627 1505 738 1563 post
776 1499 896 1549 haec
935 1500 1175 1548 adiutoria
1226 1515 1399 1549 causae
1446 1500 1521 1549 vel
1562 1517 1773 1550 commo-

94 1575 260 1622 tiones
307 1573 464 1622 adhuc
510 1574 561 1620 in
617 1587 704 1621 suo
754 1578 883 1621 statu
933 1575 1315 1639 permanserint,
1368 1580 1423 1622 ut
1468 1576 1520 1622 in
1568 1574 1651 1622 illo
1705 1574 1775 1622 nil

220 1732 243 1771 1
278 1728 457 1772 sonitus
490 1742 677 1771 suarum
708 1727 889 1771 aurium
910 1742 949 1784 r,
982 1728 1159 1773 sonitus
1193 1729 1374 1773 aurium
1399 1729 1545 1774 baaz:
1579 1743 1714 1773 sonos
1741 1745 1773 1774 s.

94 1801 196 1831 aur.
230 1787 287 1832 Β.
381 1792 405 1831 2
439 1786 691 1842 aliquando
724 1800 828 1829 cum
857 1786 1102 1832 iracundia
1132 1790 1157 1833 b
1179 1789 1287 1833 Gal.
1419 1793 1447 1831 4
1477 1788 1777 1832 flebotomum

98 1848 225 1902 r(b):
259 1859 415 1889 -mos
447 1847 506 1890 B.
600 1850 625 1888 5
659 1845 872 1888 adhiberi
903 1847 939 1890 b.
1032 1849 1140 1904 post
1170 1847 1235 1892 B:
1267 1861 1349 1892 om.
1381 1862 1418 1892 r.
1498 1853 1523 1891 6
1555 1849 1626 1891 est
1656 1849 1709 1891 ut
1732 1863 1774 1893 r:

98 1904 161 1948 Et
192 1906 244 1947 ut
274 1905 331 1949 B.
427 1908 450 1947 7
483 1906 531 1948 et
562 1903 679 1947 cibis
702 1919 728 1948 r
751 1903 874 1960 (libis
899 1906 962 1962 b):
995 1918 1051 1949 ex
1074 1905 1191 1949 cibis
1215 1906 1273 1950 B.
1376 1919 1451 1950 ex:
1484 1905 1533 1948 in
1556 1908 1714 1963 (aqua)
1738 1921 1776 1962 r,

30 1962 50 1969 “
96 1964 149 2007 et
179 1964 272 2008 Bb.
394 1966 420 2005 8
454 1962 758 2006 alienationes
791 1962 1003 2019 (—nibus
1033 1967 1074 2021 r)
1112 1978 1221 2008 vero
1254 1977 1411 2008 eorum
1442 1963 1482 2007 si
1512 1966 1570 2009 rb
1603 1971 1645 2010 et
1676 1967 1774 2021 (om.

99 2024 227 2078 vero)
261 2022 349 2067 Gal
367 2041 377 2067 :
410 2021 469 2064 ab
503 2020 864 2065 alienationibus
894 2035 1003 2066 vero
1036 2036 1194 2066 eorum
1225 2037 1344 2079 quae
1376 2024 1433 2068 Β.
1561 2029 1586 2068 9
1618 2024 1775 2068 coher-

98 2079 239 2124 cendi
270 2082 366 2136 (εἰσ)
398 2081 479 2124 Bb
500 2081 587 2125 Gal
605 2081 716 2135 (non
744 2083 799 2135 r).
973 2083 1107 2124 erunt
1137 2084 1227 2126 rB:
1262 2083 1370 2125 sunt
1401 2083 1425 2126 b
1446 2082 1554 2127 Gal.
1737 2083 1777 2125 si

99 2152 209 2183 vero
241 2153 346 2182 cum
376 2139 530 2182 furore
559 2138 733 2182 fuerint
764 2140 788 2183 b
808 2139 895 2183 Gal
911 2176 920 2184 .
982 2144 1060 2182 ,10
1091 2140 1236 2184 lenire
1267 2142 1334 2186 B:
1366 2140 1502 2184 linire
1518 2156 1544 2185 r
1559 2140 1703 2197 (liniri
1720 2143 1774 2197 b).

103 2201 156 2240 11
191 2197 503 2240 custodiemus
534 2197 638 2241 Bb:
674 2197 881 2240 —dimus
911 2213 948 2243 r.
1069 2198 1134 2242 eis
1160 2201 1226 2244 B:
1262 2199 1359 2243 eius
1392 2201 1431 2255 b,
1462 2213 1571 2243 vero
1605 2200 1704 2244 eius
1736 2215 1773 2244 r.

1800 925 1843 956 10

1800 1290 1842 1323 15

104 2259 169 2313 12-
192 2255 522 2299 commotiones
553 2254 803 2312 precipicio
837 2251 1129 2313 decipiantur
1158 2259 1237 2302 rb:
1274 2257 1596 2302 commotionis
1628 2258 1776 2316 preci-
1831 2274 1837 2278 ·

99 2313 223 2370 pitia
254 2314 296 2358 d.
331 2315 376 2358 Β
399 2316 473 2370 (ne
503 2327 586 2371 per
614 2313 910 2371 precipitium
941 2315 1215 2359 decidantur
1242 2316 1366 2373 Gal).
1550 2321 1603 2360 13
1636 2317 1777 2360 cami-

101 2371 268 2416 molini
298 2373 343 2416 Β
375 2371 640 2428 (camemilli
673 2387 711 2421 r,
744 2373 997 2417 camomilh‘
1027 2376 1082 2431 b).
1246 2380 1303 2418 14
1333 2375 1447 2418 item
1478 2376 1548 2420 B:
1580 2374 1650 2418 ita
1679 2390 1715 2419 r.

102 2430 420 2475 scariiandum
445 2432 532 2476 Gal
549 2431 919 2487 (scarificandum
943 2434 1059 2490 Bb):
1092 2433 1414 2477 scarifationes
1445 2448 1482 2478 r.
1612 2438 1666 2478 15
1696 2433 1776 2477 ad-

99 2489 252 2533 hiberi
276 2505 300 2533 r
317 2492 439 2545 (—re
457 2491 482 2534 b
501 2491 640 2548 Gal.):
665 2490 909 2534 admovere
927 2492 984 2535 B.
1004 2497 1110 2548 post
1133 2492 1354 2535 adhibere
1379 2494 1403 2537 b
1421 2493 1520 2547 (om.
1538 2506 1565 2537 v
1581 2495 1776 2549 15—17)

103 2549 211 2593 haec
248 2549 379 2593 addit
415 2550 565 2605 (atque
603 2551 754 2594 eadem
789 2550 881 2604 fere
921 2550 1055 2606 Gau:
1103 2551 1150 2593 et
1188 2550 1228 2594 si
1271 2564 1375 2593 cum
1413 2550 1564 2594 febres
1603 2550 1778 2594 fuerint

102 2605 300 2650 alienati
326 2643 334 2651 .
363 2643 372 2651 .
400 2643 408 2651 .
570 2612 623 2651 16
656 2607 827 2663 quietis
857 2607 1087 2664 passionis
1118 2610 1178 2664 B,
1210 2609 1391 2664 quietes
1420 2608 1652 2666 passionis
1685 2611 1778 2666 (sed

101 2678 214 2709 corr.
248 2665 307 2709 al.
339 2679 395 2709 m.
427 2665 683 2723 passiones)
713 2681 750 2711 r.
883 2667 995 2711 ordo
1026 2666 1092 2711 eis
1125 2667 1280 2723 cyclus
1313 2667 1596 2712 ordinandus
1627 2670 1699 2712 est
1729 2683 1774 2713 r:

100 2722 281 2768 hordei.
296 2723 423 2767 scioli
450 2724 455 2781 Ι
484 2738 614 2769 ecore
645 2726 742 2782 (sic)
774 2724 1021 2769 ordinandi
1052 2727 1160 2769 sunt
1182 2727 1228 2770 B
1260 2728 1390 2784 (quae
1427 2741 1528 2772 cum
1564 2729 1775 2772 asterisco

88 2782 184 2884 -sgcb
198 2783 411 2884 ‹gogosuit
432 2782 564 2840 Neu„
595 2785 830 2886 nisiqzhod
861 2784 984 2828 ecori
1016 2785 1216 2887 dpdjit).ss
1310 2843 1320 2852 ⁶
1351 2790 1420 2888 ἰῇ
1437 2785 1776 2888 Ρθτωεΐηεθιὲηὓ

101 2855 350 2943 ἒθτῆηὲῗιῆ·ν
359 2854 925 2958 Ρέἱεθῇῗέἃᾬῗῖερξτὶῠε
957 2858 1179 2946 αίίἶτειῖῗιξ
1199 2857 1244 2948 Β)
1274 2857 1376 2960 aliis.
1409 2858 1656 2960 bfspenus
1723 2858 1775 2905 ec
