<?xml version="1.0" encoding="UTF-8"?>
<!DOCTYPE html PUBLIC "-//W3C//DTD XHTML 1.0 Transitional//EN"
    "http://www.w3.org/TR/xhtml1/DTD/xhtml1-transitional.dtd">
<html xmlns="http://www.w3.org/1999/xhtml" xml:lang="en" lang="en">
 <head>
  <title>
</title>
<meta http-equiv="Content-Type" content="text/html;charset=utf-8" />
  <meta name='ocr-system' content='tesseract 3.04.00' />
  <meta name='ocr-capabilities' content='ocr_page ocr_carea ocr_par ocr_line ocrx_word'/>
</head>
<body>
  <div class='ocr_page' id='page_1' title='image "./theoeuporislibr00prisuoft_0165.png"; bbox 0 0 1950 3172; ppageno 0'>
   <div class='ocr_carea' id='block_1_1' title="bbox 0 0 184 120">
    <p class='ocr_par' dir='ltr' id='par_1_1' title="bbox 0 0 184 120">
     <span class='ocr_line' id='line_1_1' title="bbox 0 0 184 120; baseline 0 3052"><span class='ocrx_word' id='word_1_1' title='bbox 0 0 184 120; x_wconf 95' lang='lat' dir='ltr'><strong> </strong></span> 
     </span>
    </p>
   </div>
   <div class='ocr_carea' id='block_1_2' title="bbox 838 150 1813 205">
    <p class='ocr_par' dir='ltr' id='par_1_2' title="bbox 838 150 1813 205">
     <span class='ocr_line' id='line_1_2' title="bbox 838 150 1813 205; baseline 0.01 -11"><span class='ocrx_word' id='word_1_2' title='bbox 838 152 1111 196; x_wconf 75' lang='lat' dir='ltr'><strong>memus</strong></span> <span class='ocrx_word' id='word_1_3' title='bbox 1708 150 1813 205; x_wconf 81' lang='lat'><strong>133</strong></span> 
     </span>
    </p>
   </div>
   <div class='ocr_carea' id='block_1_3' title="bbox 94 289 1882 1090">
    <p class='ocr_par' dir='ltr' id='par_1_3' title="bbox 94 289 1882 1090">
     <span class='ocr_line' id='line_1_3' title="bbox 136 289 1815 355; baseline 0 -17"><span class='ocrx_word' id='word_1_4' title='bbox 136 290 284 338; x_wconf 83' lang='lat' dir='ltr'><strong>etiam</strong></span> <span class='ocrx_word' id='word_1_5' title='bbox 323 294 372 338; x_wconf 83' lang='lat' dir='ltr'><strong>et</strong></span> <span class='ocrx_word' id='word_1_6' title='bbox 411 289 590 338; x_wconf 89' lang='lat' dir='ltr'><strong>similia</strong></span> <span class='ocrx_word' id='word_1_7' title='bbox 630 305 754 354; x_wconf 89' lang='lat' dir='ltr'><strong>quae</strong></span> <span class='ocrx_word' id='word_1_8' title='bbox 785 305 876 355; x_wconf 90' lang='lat' dir='ltr'><strong>per</strong></span> <span class='ocrx_word' id='word_1_9' title='bbox 920 291 1146 354; x_wconf 83' lang='lat' dir='ltr'>potiones</span> <span class='ocrx_word' id='word_1_10' title='bbox 1194 295 1392 355; x_wconf 89' lang='lat' dir='ltr'><strong>accepta</strong></span> <span class='ocrx_word' id='word_1_11' title='bbox 1437 289 1578 339; x_wconf 84' lang='lat' dir='ltr'><strong>virile</strong></span> <span class='ocrx_word' id='word_1_12' title='bbox 1619 305 1815 354; x_wconf 82' lang='lat' dir='ltr'><strong>semper</strong></span> 
     </span>
     <span class='ocr_line' id='line_1_4' title="bbox 137 362 1816 429; baseline 0.001 -18"><span class='ocrx_word' id='word_1_13' title='bbox 137 362 356 412; x_wconf 85' lang='lat' dir='ltr'><strong>officium</strong></span> <span class='ocrx_word' id='word_1_14' title='bbox 386 369 749 428; x_wconf 86' lang='lat' dir='ltr'><strong>reparaverunt.</strong></span> <span class='ocrx_word' id='word_1_15' title='bbox 819 368 1101 427; x_wconf 89' lang='lat' dir='ltr'><strong>reparatum</strong></span> <span class='ocrx_word' id='word_1_16' title='bbox 1133 368 1209 412; x_wconf 87' lang='lat' dir='ltr'><strong>est</strong></span> <span class='ocrx_word' id='word_1_17' title='bbox 1247 368 1296 412; x_wconf 86' lang='lat' dir='ltr'><strong>et</strong></span> <span class='ocrx_word' id='word_1_18' title='bbox 1325 365 1512 429; x_wconf 78' lang='lat' dir='ltr'>pipere,</span> <span class='ocrx_word' id='word_1_19' title='bbox 1552 365 1734 428; x_wconf 82' lang='lat' dir='ltr'><strong>satyrio</strong></span> <span class='ocrx_word' id='word_1_20' title='bbox 1766 369 1816 412; x_wconf 83' lang='lat' dir='ltr'><strong>et</strong></span> 
     </span>
     <span class='ocr_line' id='line_1_5' title="bbox 137 436 1813 503; baseline 0.001 -18"><span class='ocrx_word' id='word_1_21' title='bbox 137 437 302 485; x_wconf 90' lang='lat' dir='ltr'><strong>scinco</strong></span> <span class='ocrx_word' id='word_1_22' title='bbox 336 442 384 485; x_wconf 91' lang='lat' dir='ltr'><strong>et</strong></span> <span class='ocrx_word' id='word_1_23' title='bbox 416 451 591 485; x_wconf 90' lang='lat' dir='ltr'><strong>erucae</strong></span> <span class='ocrx_word' id='word_1_24' title='bbox 625 438 828 503; x_wconf 88' lang='lat' dir='ltr'><strong>semine,</strong></span> <span class='ocrx_word' id='word_1_25' title='bbox 868 438 1016 485; x_wconf 88' lang='lat' dir='ltr'><strong>etiam</strong></span> <span class='ocrx_word' id='word_1_26' title='bbox 1047 438 1226 486; x_wconf 90' lang='lat' dir='ltr'><strong>ceteris</strong></span> <span class='ocrx_word' id='word_1_27' title='bbox 1258 437 1514 487; x_wconf 89' lang='lat' dir='ltr'><strong>adiutoriis</strong></span> <span class='ocrx_word' id='word_1_28' title='bbox 1546 452 1635 501; x_wconf 88' lang='lat' dir='ltr'><strong>par</strong></span> <span class='ocrx_word' id='word_1_29' title='bbox 1664 436 1813 486; x_wconf 92' lang='lat' dir='ltr'><strong>bene-</strong></span> 
     </span>
     <span class='ocr_line' id='line_1_6' title="bbox 135 509 1813 576; baseline 0.001 -18"><span class='ocrx_word' id='word_1_30' title='bbox 135 510 300 558; x_wconf 89' lang='lat' dir='ltr'><strong>ficium</strong></span> <span class='ocrx_word' id='word_1_31' title='bbox 347 509 765 576; x_wconf 80' lang='lat' dir='ltr'><strong>ministrantibus,</strong></span> <span class='ocrx_word' id='word_1_32' title='bbox 805 525 928 574; x_wconf 88' lang='lat' dir='ltr'><strong>quae</strong></span> <span class='ocrx_word' id='word_1_33' title='bbox 977 525 1122 575; x_wconf 90' lang='lat' dir='ltr'><strong>quam</strong></span> <span class='ocrx_word' id='word_1_34' title='bbox 1161 512 1371 559; x_wconf 81' lang='lat' dir='ltr'><strong>maxime</strong></span> <span class='ocrx_word' id='word_1_35' title='bbox 1418 512 1477 559; x_wconf 90' lang='lat' dir='ltr'><strong>in</strong></span> <span class='ocrx_word' id='word_1_36' title='bbox 1524 510 1681 559; x_wconf 92' lang='lat' dir='ltr'><strong>libro</strong></span> <span class='ocrx_word' id='word_1_37' title='bbox 1729 511 1813 575; x_wconf 76' lang='lat' dir='ltr'><strong>fy—</strong></span> 
     </span>
     <span class='ocr_line' id='line_1_7' title="bbox 136 583 1880 648; baseline 0.001 -17"><span class='ocrx_word' id='word_1_38' title='bbox 136 585 399 632; x_wconf 86' lang='lat' dir='ltr'><strong>sicorum</strong></span> <span class='ocrx_word' id='word_1_39' title='bbox 446 583 749 632; x_wconf 84' lang='lat' dir='ltr'><strong>commodius</strong></span> <span class='ocrx_word' id='word_1_40' title='bbox 805 584 1126 647; x_wconf 79' lang='lat' dir='ltr'><strong>disponimus,</strong></span> <span class='ocrx_word' id='word_1_41' title='bbox 1211 585 1400 633; x_wconf 89' lang='lat' dir='ltr'><strong>interea</strong></span> <span class='ocrx_word' id='word_1_42' title='bbox 1446 599 1530 633; x_wconf 89' lang='lat' dir='ltr'><strong>eos</strong></span> <span class='ocrx_word' id='word_1_43' title='bbox 1586 586 1813 648; x_wconf 81' lang='lat' dir='ltr'><strong>quiscere</strong></span> <span class='ocrx_word' id='word_1_44' title='bbox 1859 594 1880 627; x_wconf 88' lang='lat'><strong>5</strong></span> 
     </span>
     <span class='ocr_line' id='line_1_8' title="bbox 136 656 1814 723; baseline 0.001 -18"><span class='ocrx_word' id='word_1_45' title='bbox 136 658 363 706; x_wconf 86' lang='lat' dir='ltr'><strong>convenit</strong></span> <span class='ocrx_word' id='word_1_46' title='bbox 407 671 507 705; x_wconf 92' lang='lat' dir='ltr'><strong>non</strong></span> <span class='ocrx_word' id='word_1_47' title='bbox 553 656 711 705; x_wconf 89' lang='lat' dir='ltr'><strong>solum</strong></span> <span class='ocrx_word' id='word_1_48' title='bbox 750 659 909 705; x_wconf 83' lang='lat' dir='ltr'><strong>noctis</strong></span> <span class='ocrx_word' id='word_1_49' title='bbox 956 659 1111 720; x_wconf 88' lang='lat' dir='ltr'><strong>spatio</strong></span> <span class='ocrx_word' id='word_1_50' title='bbox 1158 672 1331 706; x_wconf 90' lang='lat' dir='ltr'><strong>verum</strong></span> <span class='ocrx_word' id='word_1_51' title='bbox 1378 659 1524 706; x_wconf 86' lang='lat' dir='ltr'><strong>etiam</strong></span> <span class='ocrx_word' id='word_1_52' title='bbox 1571 657 1693 723; x_wconf 88' lang='lat' dir='ltr'><strong>diei,</strong></span> <span class='ocrx_word' id='word_1_53' title='bbox 1739 659 1814 706; x_wconf 91' lang='lat' dir='ltr'><strong>uti</strong></span> 
     </span>
     <span class='ocr_line' id='line_1_9' title="bbox 134 729 1814 794; baseline 0.001 -17"><span class='ocrx_word' id='word_1_54' title='bbox 134 729 315 794; x_wconf 89' lang='lat' dir='ltr'><strong>plumis</strong></span> <span class='ocrx_word' id='word_1_55' title='bbox 355 735 403 778; x_wconf 87' lang='lat' dir='ltr'><strong>et</strong></span> <span class='ocrx_word' id='word_1_56' title='bbox 441 729 750 778; x_wconf 86' lang='lat' dir='ltr'><strong>mollioribus</strong></span> <span class='ocrx_word' id='word_1_57' title='bbox 790 732 1051 794; x_wconf 83' lang='lat' dir='ltr'><strong>opertoriis</strong></span> <span class='ocrx_word' id='word_1_58' title='bbox 1091 729 1167 779; x_wconf 88' lang='lat' dir='ltr'><strong>vel</strong></span> <span class='ocrx_word' id='word_1_59' title='bbox 1215 730 1533 780; x_wconf 85' lang='lat' dir='ltr'><strong>straminibus</strong></span> <span class='ocrx_word' id='word_1_60' title='bbox 1574 733 1814 780; x_wconf 77' lang='lat' dir='ltr'><strong>convenit,</strong></span> 
     </span>
     <span class='ocr_line' id='line_1_10' title="bbox 135 802 1814 867; baseline 0.001 -16"><span class='ocrx_word' id='word_1_61' title='bbox 135 804 324 851; x_wconf 89' lang='lat' dir='ltr'><strong>interea</strong></span> <span class='ocrx_word' id='word_1_62' title='bbox 368 802 642 867; x_wconf 88' lang='lat' dir='ltr'><strong>puellarum</strong></span> <span class='ocrx_word' id='word_1_63' title='bbox 690 805 1025 867; x_wconf 90' lang='lat' dir='ltr'><strong>speciosarum</strong></span> <span class='ocrx_word' id='word_1_64' title='bbox 1073 803 1149 852; x_wconf 91' lang='lat' dir='ltr'><strong>vel</strong></span> <span class='ocrx_word' id='word_1_65' title='bbox 1188 819 1457 867; x_wconf 89' lang='lat' dir='ltr'><strong>puerorum</strong></span> <span class='ocrx_word' id='word_1_66' title='bbox 1505 804 1664 853; x_wconf 91' lang='lat' dir='ltr'><strong>simile</strong></span> <span class='ocrx_word' id='word_1_67' title='bbox 1711 820 1814 853; x_wconf 90' lang='lat' dir='ltr'><strong>ser-</strong></span> 
     </span>
     <span class='ocr_line' id='line_1_11' title="bbox 94 876 1815 940; baseline 0.001 -16"><span class='ocrx_word' id='word_1_68' title='bbox 94 905 104 910; x_wconf 51' lang='lat'>»</span> <span class='ocrx_word' id='word_1_69' title='bbox 133 877 307 925; x_wconf 89' lang='lat' dir='ltr'><strong>vitium</strong></span> <span class='ocrx_word' id='word_1_70' title='bbox 345 876 710 940; x_wconf 89' lang='lat' dir='ltr'><strong>procurandum</strong></span> <span class='ocrx_word' id='word_1_71' title='bbox 749 882 836 925; x_wconf 87' lang='lat' dir='ltr'><strong>est.</strong></span> <span class='ocrx_word' id='word_1_72' title='bbox 898 878 972 925; x_wconf 87' lang='lat' dir='ltr'><strong>uti</strong></span> <span class='ocrx_word' id='word_1_73' title='bbox 1012 892 1126 925; x_wconf 88' lang='lat' dir='ltr'><strong>sane</strong></span> <span class='ocrx_word' id='word_1_74' title='bbox 1167 876 1462 926; x_wconf 90' lang='lat' dir='ltr'><strong>lectionibus</strong></span> <span class='ocrx_word' id='word_1_75' title='bbox 1502 879 1719 927; x_wconf 92' lang='lat' dir='ltr'><strong>animum</strong></span> <span class='ocrx_word' id='word_1_76' title='bbox 1755 878 1815 926; x_wconf 90' lang='lat' dir='ltr'><strong>ad</strong></span> 
     </span>
     <span class='ocr_line' id='line_1_12' title="bbox 134 948 1882 1015; baseline 0.001 -18"><span class='ocrx_word' id='word_1_77' title='bbox 134 948 335 998; x_wconf 82' lang='lat' dir='ltr'><strong>delicias</strong></span> <span class='ocrx_word' id='word_1_78' title='bbox 373 949 796 1015; x_wconf 85' lang='lat' dir='ltr'><strong>pertrahentibuS,</strong></span> <span class='ocrx_word' id='word_1_79' title='bbox 834 955 890 999; x_wconf 83' lang='lat' dir='ltr'><strong>ut</strong></span> <span class='ocrx_word' id='word_1_80' title='bbox 928 956 1043 999; x_wconf 91' lang='lat' dir='ltr'><strong>sunt</strong></span> <span class='ocrx_word' id='word_1_81' title='bbox 1080 950 1439 1014; x_wconf 88' lang='lat' dir='ltr'><strong>Amphipolitae</strong></span> <span class='ocrx_word' id='word_1_82' title='bbox 1480 950 1693 1015; x_wconf 91' lang='lat' dir='ltr'><strong>Philippi</strong></span> <span class='ocrx_word' id='word_1_83' title='bbox 1732 957 1815 1000; x_wconf 91' lang='lat' dir='ltr'><strong>aut</strong></span> <span class='ocrx_word' id='word_1_84' title='bbox 1839 962 1882 993; x_wconf 86' lang='lat'><strong>10</strong></span> 
     </span>
     <span class='ocr_line' id='line_1_13' title="bbox 133 1021 1816 1090; baseline 0.002 -20"><span class='ocrx_word' id='word_1_85' title='bbox 133 1021 400 1072; x_wconf 90' lang='lat' dir='ltr'><strong>Herodiani</strong></span> <span class='ocrx_word' id='word_1_86' title='bbox 446 1028 525 1071; x_wconf 83' lang='lat' dir='ltr'><strong>aut</strong></span> <span class='ocrx_word' id='word_1_87' title='bbox 576 1029 708 1072; x_wconf 90' lang='lat' dir='ltr'><strong>certe</strong></span> <span class='ocrx_word' id='word_1_88' title='bbox 758 1023 887 1088; x_wconf 83' lang='lat' dir='ltr'><strong>Syrii</strong></span> <span class='ocrx_word' id='word_1_89' title='bbox 932 1023 1208 1090; x_wconf 89' lang='lat' dir='ltr'><strong>Iamblichi,</strong></span> <span class='ocrx_word' id='word_1_90' title='bbox 1258 1023 1333 1072; x_wconf 84' lang='lat' dir='ltr'><strong>vel</strong></span> <span class='ocrx_word' id='word_1_91' title='bbox 1381 1026 1561 1072; x_wconf 84' lang='lat' dir='ltr'><strong>ceteris</strong></span> <span class='ocrx_word' id='word_1_92' title='bbox 1602 1026 1816 1073; x_wconf 81' lang='lat' dir='ltr'><strong>suaviter</strong></span> 
     </span>
    </p>
   </div>
   <div class='ocr_carea' id='block_1_4' title="bbox 71 1095 1069 1146">
    <p class='ocr_par' dir='ltr' id='par_1_4' title="bbox 71 1095 1069 1146">
     <span class='ocr_line' id='line_1_14' title="bbox 71 1095 1069 1146; baseline 0.001 -2"><span class='ocrx_word' id='word_1_93' title='bbox 71 1116 76 1120; x_wconf 91' lang='grc'><em>·</em></span> <span class='ocrx_word' id='word_1_94' title='bbox 135 1097 395 1144; x_wconf 88' lang='lat' dir='ltr'><strong>amatorias</strong></span> <span class='ocrx_word' id='word_1_95' title='bbox 434 1095 620 1145; x_wconf 90' lang='lat' dir='ltr'><strong>fabulas</strong></span> <span class='ocrx_word' id='word_1_96' title='bbox 660 1097 1069 1146; x_wconf 81' lang='lat' dir='ltr'><strong>describentibus,</strong></span> 
     </span>
    </p>
   </div>
   <div class='ocr_carea' id='block_1_5' title="bbox 318 1255 1629 1322">
    <p class='ocr_par' dir='ltr' id='par_1_5' title="bbox 318 1255 1629 1322">
     <span class='ocr_line' id='line_1_15' title="bbox 318 1255 1629 1322; baseline 0.002 -17"><span class='ocrx_word' id='word_1_97' title='bbox 318 1256 417 1306; x_wconf 90' lang='lat' dir='ltr'>XII.</span> <span class='ocrx_word' id='word_1_98' title='bbox 458 1257 533 1306; x_wconf 93' lang='lat' dir='ltr'><strong>De</strong></span> <span class='ocrx_word' id='word_1_99' title='bbox 574 1258 870 1307; x_wconf 88' lang='lat' dir='ltr'><strong>cardiacis</strong></span> <span class='ocrx_word' id='word_1_100' title='bbox 913 1260 1012 1322; x_wconf 91' lang='lat' dir='ltr'><strong>qui</strong></span> <span class='ocrx_word' id='word_1_101' title='bbox 1051 1260 1227 1307; x_wconf 89' lang='lat' dir='ltr'><strong>etiam</strong></span> <span class='ocrx_word' id='word_1_102' title='bbox 1268 1255 1629 1308; x_wconf 72' lang='lat' dir='ltr'><strong>diafor&#39;etici.</strong></span> 
     </span>
    </p>
   </div>
   <div class='ocr_carea' id='block_1_6' title="bbox 136 1342 1904 1558">
    <p class='ocr_par' dir='ltr' id='par_1_6' title="bbox 136 1342 1904 1558">
     <span class='ocr_line' id='line_1_16' title="bbox 280 1342 1904 1412; baseline 0.001 -19"><span class='ocrx_word' id='word_1_103' title='bbox 280 1345 418 1395; x_wconf 84' lang='lat' dir='ltr'><strong>Licet</strong></span> <span class='ocrx_word' id='word_1_104' title='bbox 456 1361 602 1410; x_wconf 91' lang='lat' dir='ltr'><strong>quam</strong></span> <span class='ocrx_word' id='word_1_105' title='bbox 639 1346 966 1410; x_wconf 88' lang='lat' dir='ltr'><strong>plurimorum</strong></span> <span class='ocrx_word' id='word_1_106' title='bbox 1006 1349 1277 1396; x_wconf 87' lang='lat' dir='ltr'><strong>sententiae</strong></span> <span class='ocrx_word' id='word_1_107' title='bbox 1316 1349 1382 1396; x_wconf 87' lang='lat' dir='ltr'><strong>ita</strong></span> <span class='ocrx_word' id='word_1_108' title='bbox 1416 1347 1711 1412; x_wconf 88' lang='lat' dir='ltr'><strong>definierint,</strong></span> <span class='ocrx_word' id='word_1_109' title='bbox 1751 1349 1814 1396; x_wconf 92' lang='lat' dir='ltr'><strong>si-</strong></span> <span class='ocrx_word' id='word_1_110' title='bbox 1834 1342 1904 1396; x_wconf 84' lang='lat'><strong>35</strong></span> 
     </span>
     <span class='ocr_line' id='line_1_17' title="bbox 136 1419 1881 1485; baseline 0.001 -18"><span class='ocrx_word' id='word_1_111' title='bbox 136 1421 238 1468; x_wconf 87' lang='lat' dir='ltr'><strong>cuti</strong></span> <span class='ocrx_word' id='word_1_112' title='bbox 275 1419 395 1468; x_wconf 88' lang='lat' dir='ltr'><strong>haec</strong></span> <span class='ocrx_word' id='word_1_113' title='bbox 436 1420 606 1467; x_wconf 90' lang='lat' dir='ltr'><strong>eadem</strong></span> <span class='ocrx_word' id='word_1_114' title='bbox 645 1420 887 1483; x_wconf 84' lang='lat' dir='ltr'><strong>professio</strong></span> <span class='ocrx_word' id='word_1_115' title='bbox 927 1422 1141 1468; x_wconf 91' lang='lat' dir='ltr'><strong>nominis</strong></span> <span class='ocrx_word' id='word_1_116' title='bbox 1181 1426 1453 1485; x_wconf 82' lang='lat' dir='ltr'><strong>attestatur,</strong></span> <span class='ocrx_word' id='word_1_117' title='bbox 1493 1420 1655 1469; x_wconf 85' lang='lat' dir='ltr'><strong>cordis</strong></span> <span class='ocrx_word' id='word_1_118' title='bbox 1696 1422 1813 1468; x_wconf 86' lang='lat' dir='ltr'><strong>vitio</strong></span> <span class='ocrx_word' id='word_1_119' title='bbox 1840 1430 1881 1462; x_wconf 86' lang='lat'><strong>15</strong></span> 
     </span>
     <span class='ocr_line' id='line_1_18' title="bbox 136 1492 1815 1558; baseline 0.001 -18"><span class='ocrx_word' id='word_1_120' title='bbox 136 1492 261 1541; x_wconf 89' lang='lat' dir='ltr'><strong>hanc</strong></span> <span class='ocrx_word' id='word_1_121' title='bbox 309 1493 666 1556; x_wconf 86' lang='lat' dir='ltr'><strong>aegritudinem</strong></span> <span class='ocrx_word' id='word_1_122' title='bbox 713 1494 842 1558; x_wconf 88' lang='lat' dir='ltr'><strong>fieri,</strong></span> <span class='ocrx_word' id='word_1_123' title='bbox 890 1495 962 1541; x_wconf 91' lang='lat' dir='ltr'><strong>eis</strong></span> <span class='ocrx_word' id='word_1_124' title='bbox 1011 1509 1099 1557; x_wconf 81' lang='lat' dir='ltr'><strong>ego</strong></span> <span class='ocrx_word' id='word_1_125' title='bbox 1146 1500 1359 1542; x_wconf 87' lang='lat' dir='ltr'><strong>attamen</strong></span> <span class='ocrx_word' id='word_1_126' title='bbox 1406 1508 1503 1542; x_wconf 90' lang='lat' dir='ltr'><strong>non</strong></span> <span class='ocrx_word' id='word_1_127' title='bbox 1552 1493 1691 1542; x_wconf 87' lang='lat' dir='ltr'><strong>facile</strong></span> <span class='ocrx_word' id='word_1_128' title='bbox 1734 1494 1815 1542; x_wconf 90' lang='lat' dir='ltr'><strong>ad-</strong></span> 
     </span>
    </p>
   </div>
   <div class='ocr_carea' id='block_1_7' title="bbox 131 1647 1818 2762">
    <p class='ocr_par' dir='ltr' id='par_1_7' title="bbox 131 1647 1818 2762">
     <span class='ocr_line' id='line_1_19' title="bbox 255 1647 1818 1706; baseline 0.001 -16"><span class='ocrx_word' id='word_1_129' title='bbox 255 1652 277 1690; x_wconf 92' lang='lat'>1</span> <span class='ocrx_word' id='word_1_130' title='bbox 312 1647 384 1691; x_wconf 86' lang='lat' dir='ltr'><strong>off.</strong></span> <span class='ocrx_word' id='word_1_131' title='bbox 418 1649 650 1704; x_wconf 88' lang='lat' dir='ltr'><strong>reparant.</strong></span> <span class='ocrx_word' id='word_1_132' title='bbox 683 1650 953 1704; x_wconf 86' lang='lat' dir='ltr'><strong>reparatum</strong></span> <span class='ocrx_word' id='word_1_133' title='bbox 985 1650 1056 1692; x_wconf 85' lang='lat' dir='ltr'><strong>est</strong></span> <span class='ocrx_word' id='word_1_134' title='bbox 1088 1650 1134 1692; x_wconf 89' lang='lat' dir='ltr'><strong>et</strong></span> <span class='ocrx_word' id='word_1_135' title='bbox 1155 1647 1314 1706; x_wconf 83' lang='lat' dir='ltr'><strong>pipere</strong></span> <span class='ocrx_word' id='word_1_136' title='bbox 1350 1649 1444 1693; x_wconf 77' lang='lat' dir='ltr'><strong>Gal.</strong></span> <span class='ocrx_word' id='word_1_137' title='bbox 1473 1648 1565 1705; x_wconf 89' lang='lat' dir='ltr'><strong>(off.</strong></span> <span class='ocrx_word' id='word_1_138' title='bbox 1597 1650 1818 1705; x_wconf 87' lang='lat' dir='ltr'><strong>reparant</strong></span> 
     </span>
     <span class='ocr_line' id='line_1_20' title="bbox 134 1706 1816 1764; baseline 0.001 -15"><span class='ocrx_word' id='word_1_139' title='bbox 134 1706 460 1750; x_wconf 80' lang='lat' dir='ltr'><strong>incunctanter</strong></span> <span class='ocrx_word' id='word_1_140' title='bbox 507 1708 748 1763; x_wconf 84' lang='lat' dir='ltr'><strong>expertum</strong></span> <span class='ocrx_word' id='word_1_141' title='bbox 787 1709 850 1763; x_wconf 79' lang='lat' dir='ltr'><strong>b),</strong></span> <span class='ocrx_word' id='word_1_142' title='bbox 899 1706 971 1751; x_wconf 87' lang='lat' dir='ltr'><strong>off.</strong></span> <span class='ocrx_word' id='word_1_143' title='bbox 1010 1709 1279 1764; x_wconf 86' lang='lat' dir='ltr'><strong>reparatum</strong></span> <span class='ocrx_word' id='word_1_144' title='bbox 1319 1709 1389 1751; x_wconf 88' lang='lat' dir='ltr'><strong>est</strong></span> <span class='ocrx_word' id='word_1_145' title='bbox 1429 1710 1476 1751; x_wconf 87' lang='lat' dir='ltr'><strong>et</strong></span> <span class='ocrx_word' id='word_1_146' title='bbox 1512 1707 1686 1764; x_wconf 83' lang='lat' dir='ltr'><strong>piperis</strong></span> <span class='ocrx_word' id='word_1_147' title='bbox 1727 1709 1816 1764; x_wconf 87' lang='lat' dir='ltr'><strong>(sa-</strong></span> 
     </span>
     <span class='ocr_line' id='line_1_21' title="bbox 135 1764 1815 1824; baseline 0.001 -16"><span class='ocrx_word' id='word_1_148' title='bbox 135 1764 354 1822; x_wconf 84' lang='lat' dir='ltr'><strong>tirio...)</strong></span> <span class='ocrx_word' id='word_1_149' title='bbox 395 1766 444 1820; x_wconf 90' lang='lat' dir='ltr'><strong>V,</strong></span> <span class='ocrx_word' id='word_1_150' title='bbox 485 1765 559 1808; x_wconf 88' lang='lat' dir='ltr'><strong>off.</strong></span> <span class='ocrx_word' id='word_1_151' title='bbox 591 1766 860 1822; x_wconf 86' lang='lat' dir='ltr'><strong>reparatum</strong></span> <span class='ocrx_word' id='word_1_152' title='bbox 892 1767 963 1809; x_wconf 83' lang='lat' dir='ltr'><strong>est</strong></span> <span class='ocrx_word' id='word_1_153' title='bbox 994 1767 1041 1809; x_wconf 86' lang='lat' dir='ltr'><strong>et</strong></span> <span class='ocrx_word' id='word_1_154' title='bbox 1070 1780 1153 1822; x_wconf 92' lang='lat' dir='ltr'><strong>pro</strong></span> <span class='ocrx_word' id='word_1_155' title='bbox 1184 1768 1318 1822; x_wconf 89' lang='lat' dir='ltr'><strong>parte</strong></span> <span class='ocrx_word' id='word_1_156' title='bbox 1351 1766 1530 1822; x_wconf 88' lang='lat' dir='ltr'><strong>(satirio</strong></span> <span class='ocrx_word' id='word_1_157' title='bbox 1550 1768 1624 1822; x_wconf 87' lang='lat'><strong>...)</strong></span> <span class='ocrx_word' id='word_1_158' title='bbox 1640 1781 1669 1824; x_wconf 77' lang='lat'><em>9</em></span> <span class='ocrx_word' id='word_1_159' title='bbox 1688 1767 1815 1822; x_wconf 65' lang='lat' dir='ltr'><strong>Gar„</strong></span> 
     </span>
     <span class='ocr_line' id='line_1_22' title="bbox 134 1823 1815 1881; baseline 0.002 -14"><span class='ocrx_word' id='word_1_160' title='bbox 134 1823 209 1868; x_wconf 85' lang='lat' dir='ltr'><strong>off.</strong></span> <span class='ocrx_word' id='word_1_161' title='bbox 242 1825 587 1880; x_wconf 85' lang='lat' dir='ltr'><strong>reparaverunt.</strong></span> <span class='ocrx_word' id='word_1_162' title='bbox 624 1827 670 1867; x_wconf 90' lang='lat' dir='ltr'><strong>et</strong></span> <span class='ocrx_word' id='word_1_163' title='bbox 700 1826 773 1881; x_wconf 87' lang='lat' dir='ltr'><strong>(ex</strong></span> <span class='ocrx_word' id='word_1_164' title='bbox 796 1827 836 1881; x_wconf 77' lang='lat' dir='ltr'><strong>r)</strong></span> <span class='ocrx_word' id='word_1_165' title='bbox 867 1824 1026 1881; x_wconf 85' lang='lat' dir='ltr'><strong>pipere</strong></span> <span class='ocrx_word' id='word_1_166' title='bbox 1056 1826 1146 1869; x_wconf 56' lang='grc' dir='ltr'><strong>ΤΒ.</strong></span> <span class='ocrx_word' id='word_1_167' title='bbox 1340 1831 1364 1868; x_wconf 90' lang='grc'><strong>3</strong></span> <span class='ocrx_word' id='word_1_168' title='bbox 1399 1839 1563 1869; x_wconf 86' lang='lat' dir='ltr'><strong>erucae</strong></span> <span class='ocrx_word' id='word_1_169' title='bbox 1593 1826 1699 1869; x_wconf 79' lang='lat' dir='ltr'><strong>er</strong></span> <span class='ocrx_word' id='word_1_170' title='bbox 1720 1825 1815 1870; x_wconf 67' lang='grc' dir='ltr'><strong>θεῖ.</strong></span> 
     </span>
     <span class='ocr_line' id='line_1_23' title="bbox 135 1883 1818 1942; baseline 0.001 -15"><span class='ocrx_word' id='word_1_171' title='bbox 135 1883 305 1939; x_wconf 74' lang='lat' dir='ltr'><strong>(Gar.):</strong></span> <span class='ocrx_word' id='word_1_172' title='bbox 341 1883 439 1926; x_wconf 89' lang='lat' dir='ltr'><strong>erui</strong></span> <span class='ocrx_word' id='word_1_173' title='bbox 464 1885 521 1927; x_wconf 88' lang='grc' dir='ltr'><strong>Β.</strong></span> <span class='ocrx_word' id='word_1_174' title='bbox 643 1884 797 1926; x_wconf 88' lang='lat' dir='ltr'><strong>cetera</strong></span> <span class='ocrx_word' id='word_1_175' title='bbox 828 1883 1010 1939; x_wconf 69' lang='lat' dir='ltr'><strong>(ceteris</strong></span> <span class='ocrx_word' id='word_1_176' title='bbox 1044 1885 1105 1940; x_wconf 87' lang='lat' dir='ltr'><strong>V)</strong></span> <span class='ocrx_word' id='word_1_177' title='bbox 1138 1884 1373 1928; x_wconf 84' lang='lat' dir='ltr'><strong>adiutoria</strong></span> <span class='ocrx_word' id='word_1_178' title='bbox 1396 1900 1426 1942; x_wconf 81' lang='lat' dir='ltr'><strong>p</strong></span> <span class='ocrx_word' id='word_1_179' title='bbox 1462 1885 1536 1940; x_wconf 89' lang='lat' dir='ltr'><strong>(B,</strong></span> <span class='ocrx_word' id='word_1_180' title='bbox 1567 1897 1651 1940; x_wconf 88' lang='lat' dir='ltr'><strong>per</strong></span> <span class='ocrx_word' id='word_1_181' title='bbox 1681 1886 1818 1928; x_wconf 82' lang='lat' dir='ltr'><strong>etiam</strong></span> 
     </span>
     <span class='ocr_line' id='line_1_24' title="bbox 143 1941 1814 1999; baseline 0.002 -15"><span class='ocrx_word' id='word_1_182' title='bbox 143 1942 192 1997; x_wconf 92' lang='lat' dir='ltr'><strong>V,</strong></span> <span class='ocrx_word' id='word_1_183' title='bbox 225 1955 312 1998; x_wconf 91' lang='lat' dir='ltr'><strong>par</strong></span> <span class='ocrx_word' id='word_1_184' title='bbox 341 1944 382 1998; x_wconf 77' lang='lat' dir='ltr'><strong>r)</strong></span> <span class='ocrx_word' id='word_1_185' title='bbox 413 1941 690 1985; x_wconf 86' lang='lat' dir='ltr'><strong>beneficium</strong></span> <span class='ocrx_word' id='word_1_186' title='bbox 721 1941 1038 1985; x_wconf 79' lang='lat' dir='ltr'><strong>ministrantia</strong></span> <span class='ocrx_word' id='word_1_187' title='bbox 1062 1944 1187 1987; x_wconf 77' lang='lat' dir='ltr'><strong>rVB</strong></span> <span class='ocrx_word' id='word_1_188' title='bbox 1204 1943 1387 1998; x_wconf 85' lang='lat' dir='ltr'><strong>(ceteris</strong></span> <span class='ocrx_word' id='word_1_189' title='bbox 1421 1942 1666 1986; x_wconf 85' lang='lat' dir='ltr'><strong>adiutoriis</strong></span> <span class='ocrx_word' id='word_1_190' title='bbox 1697 1958 1741 1999; x_wconf 91' lang='lat' dir='ltr'><strong>p.</strong></span> <span class='ocrx_word' id='word_1_191' title='bbox 1770 1942 1814 1988; x_wconf 81' lang='lat' dir='ltr'><strong>b.</strong></span> 
     </span>
     <span class='ocr_line' id='line_1_25' title="bbox 134 2000 1816 2058; baseline 0.001 -16"><span class='ocrx_word' id='word_1_192' title='bbox 134 2000 510 2044; x_wconf 88' lang='lat' dir='ltr'><strong>ministrantibus</strong></span> <span class='ocrx_word' id='word_1_193' title='bbox 543 2002 567 2044; x_wconf 85' lang='lat' dir='ltr'><strong>b</strong></span> <span class='ocrx_word' id='word_1_194' title='bbox 589 2000 716 2054; x_wconf 59' lang='lat' dir='ltr'><strong>Gew.</strong></span> <span class='ocrx_word' id='word_1_195' title='bbox 804 2004 828 2042; x_wconf 86' lang='lat'>5</span> <span class='ocrx_word' id='word_1_196' title='bbox 863 2000 1149 2057; x_wconf 85' lang='lat' dir='ltr'><strong>disponimus</strong></span> <span class='ocrx_word' id='word_1_197' title='bbox 1172 2003 1332 2046; x_wconf 77' lang='lat' dir='ltr'><strong>rVBb</strong></span> <span class='ocrx_word' id='word_1_198' title='bbox 1353 2002 1470 2047; x_wconf 57' lang='lat' dir='ltr'><strong>Get:</strong></span> <span class='ocrx_word' id='word_1_199' title='bbox 1504 2001 1816 2058; x_wconf 87' lang='lat' dir='ltr'><strong>disposuimus</strong></span> 
     </span>
     <span class='ocr_line' id='line_1_26' title="bbox 133 2058 1818 2117; baseline 0 -14"><span class='ocrx_word' id='word_1_200' title='bbox 133 2073 162 2116; x_wconf 79' lang='lat'><em>9</em></span> <span class='ocrx_word' id='word_1_201' title='bbox 181 2060 292 2103; x_wconf 74' lang='lat' dir='ltr'><strong>Gar.</strong></span> <span class='ocrx_word' id='word_1_202' title='bbox 408 2063 433 2101; x_wconf 88' lang='grc'>6</span> <span class='ocrx_word' id='word_1_203' title='bbox 460 2058 611 2115; x_wconf 86' lang='lat' dir='ltr'><strong>spatio</strong></span> <span class='ocrx_word' id='word_1_204' title='bbox 630 2058 773 2114; x_wconf 73' lang='lat' dir='ltr'><strong>(—-tis1</strong></span> <span class='ocrx_word' id='word_1_205' title='bbox 794 2060 835 2116; x_wconf 82' lang='lat' dir='ltr'><strong>b)</strong></span> <span class='ocrx_word' id='word_1_206' title='bbox 868 2061 891 2103; x_wconf 79' lang='lat' dir='ltr'><strong><em>b</em></strong></span> <span class='ocrx_word' id='word_1_207' title='bbox 911 2061 1062 2117; x_wconf 75' lang='lat' dir='ltr'><strong>Gel.92</strong></span> <span class='ocrx_word' id='word_1_208' title='bbox 1088 2060 1243 2116; x_wconf 85' lang='lat' dir='ltr'><strong>spatia</strong></span> <span class='ocrx_word' id='word_1_209' title='bbox 1259 2076 1284 2105; x_wconf 77' lang='lat' dir='ltr'><strong>r</strong></span> <span class='ocrx_word' id='word_1_210' title='bbox 1302 2062 1351 2112; x_wconf 86' lang='lat' dir='ltr'><strong>V,</strong></span> <span class='ocrx_word' id='word_1_211' title='bbox 1379 2060 1543 2117; x_wconf 87' lang='lat' dir='ltr'><strong>spatiis</strong></span> <span class='ocrx_word' id='word_1_212' title='bbox 1562 2061 1619 2105; x_wconf 92' lang='grc' dir='ltr'><strong>Β.</strong></span> <span class='ocrx_word' id='word_1_213' title='bbox 1698 2064 1724 2103; x_wconf 89' lang='lat'>8</span> <span class='ocrx_word' id='word_1_214' title='bbox 1741 2061 1818 2104; x_wconf 88' lang='lat' dir='ltr'><strong>vel</strong></span> 
     </span>
     <span class='ocr_line' id='line_1_27' title="bbox 132 2117 1815 2176; baseline 0.002 -16"><span class='ocrx_word' id='word_1_215' title='bbox 132 2131 380 2173; x_wconf 88' lang='lat' dir='ltr'><strong>puerorum</strong></span> <span class='ocrx_word' id='word_1_216' title='bbox 405 2117 555 2160; x_wconf 88' lang='lat' dir='ltr'><strong>simile</strong></span> <span class='ocrx_word' id='word_1_217' title='bbox 572 2118 733 2161; x_wconf 77' lang='lat' dir='ltr'><strong>rVBb</strong></span> <span class='ocrx_word' id='word_1_218' title='bbox 744 2132 792 2174; x_wconf 78' lang='lat'><strong>9:</strong></span> <span class='ocrx_word' id='word_1_219' title='bbox 818 2132 898 2162; x_wconf 83' lang='lat' dir='ltr'><strong>om.</strong></span> <span class='ocrx_word' id='word_1_220' title='bbox 925 2118 1183 2176; x_wconf 79' lang='lat' dir='ltr'><strong>Gel.(Gar.)</strong></span> <span class='ocrx_word' id='word_1_221' title='bbox 1313 2118 1654 2176; x_wconf 88' lang='lat' dir='ltr'><strong>simile(semile</strong></span> <span class='ocrx_word' id='word_1_222' title='bbox 1672 2121 1715 2175; x_wconf 81' lang='lat' dir='ltr'><strong>b)</strong></span> <span class='ocrx_word' id='word_1_223' title='bbox 1731 2121 1815 2176; x_wconf 65' lang='lat' dir='ltr'><strong>qb:</strong></span> 
     </span>
     <span class='ocr_line' id='line_1_28' title="bbox 135 2175 1816 2234; baseline 0.002 -16"><span class='ocrx_word' id='word_1_224' title='bbox 135 2175 311 2219; x_wconf 85' lang='lat' dir='ltr'><strong>similer</strong></span> <span class='ocrx_word' id='word_1_225' title='bbox 331 2178 403 2232; x_wconf 86' lang='lat'><strong>(=</strong></span> <span class='ocrx_word' id='word_1_226' title='bbox 430 2175 680 2232; x_wconf 86' lang='lat' dir='ltr'><strong>simile-s)</strong></span> <span class='ocrx_word' id='word_1_227' title='bbox 713 2176 766 2229; x_wconf 94' lang='lat' dir='ltr'><strong>V,</strong></span> <span class='ocrx_word' id='word_1_228' title='bbox 801 2176 1014 2220; x_wconf 85' lang='lat' dir='ltr'><strong>similiter</strong></span> <span class='ocrx_word' id='word_1_229' title='bbox 1037 2178 1095 2222; x_wconf 90' lang='lat' dir='ltr'><strong>B.</strong></span> <span class='ocrx_word' id='word_1_230' title='bbox 1186 2182 1210 2220; x_wconf 88' lang='lat'>9</span> <span class='ocrx_word' id='word_1_231' title='bbox 1242 2177 1314 2221; x_wconf 85' lang='lat' dir='ltr'><strong>uti</strong></span> <span class='ocrx_word' id='word_1_232' title='bbox 1346 2192 1457 2222; x_wconf 87' lang='lat' dir='ltr'><strong>sane</strong></span> <span class='ocrx_word' id='word_1_233' title='bbox 1482 2181 1557 2234; x_wconf 80' lang='lat' dir='ltr'><strong>(sc.</strong></span> <span class='ocrx_word' id='word_1_234' title='bbox 1583 2178 1816 2234; x_wconf 82' lang='lat' dir='ltr'><strong>convenit)</strong></span> 
     </span>
     <span class='ocr_line' id='line_1_29' title="bbox 134 2234 1815 2293; baseline 0.002 -15"><span class='ocrx_word' id='word_1_235' title='bbox 134 2235 260 2278; x_wconf 78' lang='lat' dir='ltr'><strong>rVB</strong></span> <span class='ocrx_word' id='word_1_236' title='bbox 271 2236 332 2291; x_wconf 81' lang='lat' dir='ltr'><strong>b):</strong></span> <span class='ocrx_word' id='word_1_237' title='bbox 358 2235 581 2278; x_wconf 87' lang='lat' dir='ltr'><strong>utendum</strong></span> <span class='ocrx_word' id='word_1_238' title='bbox 599 2248 709 2277; x_wconf 86' lang='lat' dir='ltr'><strong>sane</strong></span> <span class='ocrx_word' id='word_1_239' title='bbox 722 2234 817 2280; x_wconf 79' lang='lat' dir='ltr'><strong>Gel.</strong></span> <span class='ocrx_word' id='word_1_240' title='bbox 835 2237 987 2291; x_wconf 77' lang='lat' dir='ltr'><strong>(etiam</strong></span> <span class='ocrx_word' id='word_1_241' title='bbox 1003 2241 1114 2293; x_wconf 75' lang='lat' dir='ltr'><strong>seqq.</strong></span> <span class='ocrx_word' id='word_1_242' title='bbox 1133 2250 1214 2282; x_wconf 84' lang='lat' dir='ltr'><strong>om.</strong></span> <span class='ocrx_word' id='word_1_243' title='bbox 1230 2237 1372 2293; x_wconf 59' lang='lat' dir='ltr'><strong>Gar).</strong></span> <span class='ocrx_word' id='word_1_244' title='bbox 1465 2241 1520 2279; x_wconf 93' lang='lat'><strong>10</strong></span> <span class='ocrx_word' id='word_1_245' title='bbox 1537 2238 1590 2279; x_wconf 93' lang='lat' dir='ltr'><strong>ut</strong></span> <span class='ocrx_word' id='word_1_246' title='bbox 1607 2238 1715 2280; x_wconf 89' lang='lat' dir='ltr'><strong>sunt</strong></span> <span class='ocrx_word' id='word_1_247' title='bbox 1738 2243 1815 2281; x_wconf 82' lang='lat' dir='ltr'><strong>etc.</strong></span> 
     </span>
     <span class='ocr_line' id='line_1_30' title="bbox 145 2292 1815 2351; baseline 0.001 -15"><span class='ocrx_word' id='word_1_248' title='bbox 145 2293 255 2338; x_wconf 89' lang='lat' dir='ltr'><strong>VB:</strong></span> <span class='ocrx_word' id='word_1_249' title='bbox 281 2295 334 2335; x_wconf 90' lang='lat' dir='ltr'><strong>ut</strong></span> <span class='ocrx_word' id='word_1_250' title='bbox 366 2295 474 2336; x_wconf 85' lang='lat' dir='ltr'><strong>sunt</strong></span> <span class='ocrx_word' id='word_1_251' title='bbox 506 2292 777 2348; x_wconf 83' lang='lat' dir='ltr'><strong>satyrias.</strong></span> <span class='ocrx_word' id='word_1_252' title='bbox 810 2294 1189 2340; x_wconf 85' lang='lat' dir='ltr'><strong>melodimata.</strong></span> <span class='ocrx_word' id='word_1_253' title='bbox 1229 2309 1318 2351; x_wconf 89' lang='lat' dir='ltr'><strong>que</strong></span> <span class='ocrx_word' id='word_1_254' title='bbox 1349 2294 1555 2339; x_wconf 86' lang='lat' dir='ltr'><strong>suaviter</strong></span> <span class='ocrx_word' id='word_1_255' title='bbox 1575 2295 1662 2338; x_wconf 89' lang='lat' dir='ltr'><strong>has</strong></span> <span class='ocrx_word' id='word_1_256' title='bbox 1688 2308 1815 2338; x_wconf 88' lang='lat' dir='ltr'><strong>ama-</strong></span> 
     </span>
     <span class='ocr_line' id='line_1_31' title="bbox 133 2350 1817 2410; baseline 0.001 -16"><span class='ocrx_word' id='word_1_257' title='bbox 133 2350 280 2395; x_wconf 86' lang='lat' dir='ltr'><strong>torias</strong></span> <span class='ocrx_word' id='word_1_258' title='bbox 312 2351 498 2395; x_wconf 87' lang='lat' dir='ltr'><strong>fabulas</strong></span> <span class='ocrx_word' id='word_1_259' title='bbox 541 2351 800 2395; x_wconf 87' lang='lat' dir='ltr'><strong>describere</strong></span> <span class='ocrx_word' id='word_1_260' title='bbox 832 2355 1051 2396; x_wconf 80' lang='lat' dir='ltr'><strong>curarunt</strong></span> <span class='ocrx_word' id='word_1_261' title='bbox 1083 2356 1107 2398; x_wconf 88' lang='lat' dir='ltr'><strong>b</strong></span> <span class='ocrx_word' id='word_1_262' title='bbox 1132 2356 1228 2410; x_wconf 75' lang='lat' dir='ltr'><strong>(qui</strong></span> <span class='ocrx_word' id='word_1_263' title='bbox 1259 2368 1341 2398; x_wconf 86' lang='lat' dir='ltr'><strong>om.</strong></span> <span class='ocrx_word' id='word_1_264' title='bbox 1373 2355 1593 2410; x_wconf 72' lang='lat' dir='ltr'><strong>nomina),</strong></span> <span class='ocrx_word' id='word_1_265' title='bbox 1623 2355 1677 2396; x_wconf 90' lang='lat' dir='ltr'><strong>ut</strong></span> <span class='ocrx_word' id='word_1_266' title='bbox 1708 2354 1817 2396; x_wconf 85' lang='lat' dir='ltr'><strong>sunt</strong></span> 
     </span>
     <span class='ocr_line' id='line_1_32' title="bbox 137 2409 1716 2469; baseline 0.002 -16"><span class='ocrx_word' id='word_1_267' title='bbox 137 2410 359 2466; x_wconf 84' lang='lat' dir='ltr'><strong>satyria</strong></span> <span class='ocrx_word' id='word_1_268' title='bbox 391 2424 577 2454; x_wconf 88' lang='lat' dir='ltr'><strong>eorum</strong></span> <span class='ocrx_word' id='word_1_269' title='bbox 607 2409 978 2455; x_wconf 86' lang='lat' dir='ltr'><strong>melodimata</strong></span> <span class='ocrx_word' id='word_1_270' title='bbox 1010 2412 1308 2469; x_wconf 87' lang='lat' dir='ltr'><strong>amphopiliti</strong></span> <span class='ocrx_word' id='word_1_271' title='bbox 1336 2412 1538 2469; x_wconf 82' lang='lat' dir='ltr'><strong>philippi</strong></span> <span class='ocrx_word' id='word_1_272' title='bbox 1570 2417 1648 2456; x_wconf 82' lang='lat' dir='ltr'><strong>etc.</strong></span> <span class='ocrx_word' id='word_1_273' title='bbox 1680 2427 1716 2456; x_wconf 75' lang='lat' dir='ltr'><strong>r.</strong></span> 
     </span>
     <span class='ocr_line' id='line_1_33' title="bbox 136 2468 1817 2537; baseline 0.002 -26"><span class='ocrx_word' id='word_1_274' title='bbox 136 2468 400 2537; x_wconf 80' lang='lat' dir='ltr'><strong>amfopoliti</strong></span> <span class='ocrx_word' id='word_1_275' title='bbox 422 2468 574 2525; x_wconf 86' lang='lat' dir='ltr'><strong>filippi</strong></span> <span class='ocrx_word' id='word_1_276' title='bbox 598 2470 702 2513; x_wconf 92' lang='lat' dir='ltr'><strong>VB.</strong></span> <span class='ocrx_word' id='word_1_277' title='bbox 825 2474 875 2513; x_wconf 93' lang='lat'><strong>11</strong></span> <span class='ocrx_word' id='word_1_278' title='bbox 912 2470 1012 2537; x_wconf 78' lang='lat' dir='ltr'><strong>sirii</strong></span> <span class='ocrx_word' id='word_1_279' title='bbox 1036 2473 1118 2514; x_wconf 90' lang='lat' dir='ltr'><strong>aut</strong></span> <span class='ocrx_word' id='word_1_280' title='bbox 1150 2470 1313 2514; x_wconf 88' lang='lat' dir='ltr'><strong>amblii</strong></span> <span class='ocrx_word' id='word_1_281' title='bbox 1334 2472 1425 2515; x_wconf 89' lang='lat' dir='ltr'><strong>VB</strong></span> <span class='ocrx_word' id='word_1_282' title='bbox 1445 2472 1555 2537; x_wconf 54' lang='lat' dir='ltr'><strong>Gal„</strong></span> <span class='ocrx_word' id='word_1_283' title='bbox 1588 2470 1700 2514; x_wconf 90' lang='lat' dir='ltr'><strong>sirii.</strong></span> <span class='ocrx_word' id='word_1_284' title='bbox 1734 2472 1817 2537; x_wconf 74' lang='lat' dir='ltr'><strong>aut</strong></span> 
     </span>
     <span class='ocr_line' id='line_1_34' title="bbox 134 2528 1818 2643; baseline 0.002 -14"><span class='ocrx_word' id='word_1_285' title='bbox 134 2528 1062 2643; x_wconf 48' lang='lat' dir='ltr'><strong>{¹333}ssssVffss⁰3afiyssss1³333r¹ssp¹ssi</strong></span> <span class='ocrx_word' id='word_1_286' title='bbox 1088 2544 1156 2632; x_wconf 50' lang='grc' dir='ltr'><strong>,θῇ</strong></span> <span class='ocrx_word' id='word_1_287' title='bbox 1185 2528 1818 2632; x_wconf 45' lang='grc' dir='ltr'><strong>ᾱθεζῖἒιοὲῗὲθῗίιὲωῗίἱῖῒ</strong></span> 
     </span>
     <span class='ocr_line' id='line_1_35' title="bbox 137 2644 1818 2704; baseline 0 -14"><span class='ocrx_word' id='word_1_288' title='bbox 137 2647 210 2702; x_wconf 79' lang='lat' dir='ltr'><strong>(cf.</strong></span> <span class='ocrx_word' id='word_1_289' title='bbox 237 2647 293 2702; x_wconf 87' lang='lat' dir='ltr'><strong>b).</strong></span> <span class='ocrx_word' id='word_1_290' title='bbox 491 2649 544 2688; x_wconf 90' lang='lat'><strong>13</strong></span> <span class='ocrx_word' id='word_1_291' title='bbox 573 2644 640 2688; x_wconf 91' lang='lat' dir='ltr'><strong>De</strong></span> <span class='ocrx_word' id='word_1_292' title='bbox 673 2645 902 2689; x_wconf 81' lang='lat' dir='ltr'><strong>cardiacis</strong></span> <span class='ocrx_word' id='word_1_293' title='bbox 935 2646 1015 2702; x_wconf 89' lang='lat' dir='ltr'><strong>qui</strong></span> <span class='ocrx_word' id='word_1_294' title='bbox 1047 2648 1191 2690; x_wconf 89' lang='lat' dir='ltr'><strong>etiam</strong></span> <span class='ocrx_word' id='word_1_295' title='bbox 1222 2646 1486 2691; x_wconf 73' lang='lat' dir='ltr'><strong>diaforetIci</strong></span> <span class='ocrx_word' id='word_1_296' title='bbox 1528 2647 1618 2691; x_wconf 91' lang='lat' dir='ltr'><strong>VB</strong></span> <span class='ocrx_word' id='word_1_297' title='bbox 1648 2651 1689 2691; x_wconf 81' lang='lat' dir='ltr'><strong>et</strong></span> <span class='ocrx_word' id='word_1_298' title='bbox 1720 2648 1818 2704; x_wconf 77' lang='lat' dir='ltr'><strong>(qui</strong></span> 
     </span>
     <span class='ocr_line' id='line_1_36' title="bbox 131 2702 1815 2762; baseline 0.001 -14"><span class='ocrx_word' id='word_1_299' title='bbox 131 2706 387 2760; x_wconf 75' lang='lat' dir='ltr'><strong>praemittit</strong></span> <span class='ocrx_word' id='word_1_300' title='bbox 418 2702 642 2760; x_wconf 86' lang='lat' dir='ltr'><strong>eiusdem)</strong></span> <span class='ocrx_word' id='word_1_301' title='bbox 666 2719 691 2748; x_wconf 75' lang='lat' dir='ltr'><strong>r</strong></span> <span class='ocrx_word' id='word_1_302' title='bbox 714 2704 798 2760; x_wconf 88' lang='lat' dir='ltr'><strong>(De</strong></span> <span class='ocrx_word' id='word_1_303' title='bbox 830 2718 867 2749; x_wconf 92' lang='lat' dir='ltr'><strong>c.</strong></span> <span class='ocrx_word' id='word_1_304' title='bbox 902 2704 983 2760; x_wconf 88' lang='lat' dir='ltr'><strong>qui</strong></span> <span class='ocrx_word' id='word_1_305' title='bbox 1015 2706 1062 2749; x_wconf 88' lang='lat' dir='ltr'><strong>et</strong></span> <span class='ocrx_word' id='word_1_306' title='bbox 1093 2705 1203 2750; x_wconf 88' lang='lat' dir='ltr'><strong>diaf.</strong></span> <span class='ocrx_word' id='word_1_307' title='bbox 1231 2705 1448 2749; x_wconf 89' lang='lat' dir='ltr'><strong>dicuntur</strong></span> <span class='ocrx_word' id='word_1_308' title='bbox 1478 2707 1574 2750; x_wconf 75' lang='lat' dir='ltr'><strong>ind.</strong></span> <span class='ocrx_word' id='word_1_309' title='bbox 1606 2707 1644 2762; x_wconf 88' lang='lat' dir='ltr'><strong>b,</strong></span> <span class='ocrx_word' id='word_1_310' title='bbox 1676 2705 1744 2749; x_wconf 94' lang='lat' dir='ltr'><strong>De</strong></span> <span class='ocrx_word' id='word_1_311' title='bbox 1776 2718 1815 2750; x_wconf 87' lang='lat' dir='ltr'><strong>o.</strong></span> 
     </span>
    </p>
   </div>
   <div class='ocr_carea' id='block_1_8' title="bbox 0 2760 1814 2820">
    <p class='ocr_par' dir='ltr' id='par_1_8' title="bbox 0 2760 1814 2820">
     <span class='ocr_line' id='line_1_37' title="bbox 0 2760 1814 2820; baseline 0.002 -15"><span class='ocrx_word' id='word_1_312' title='bbox 0 2760 2 2763; x_wconf 79' lang='grc'><strong>’</strong></span> <span class='ocrx_word' id='word_1_313' title='bbox 94 2811 97 2813; x_wconf 37' lang='grc'><strong>,</strong></span> <span class='ocrx_word' id='word_1_314' title='bbox 138 2762 234 2806; x_wconf 85' lang='lat' dir='ltr'><strong>sive</strong></span> <span class='ocrx_word' id='word_1_315' title='bbox 267 2762 599 2818; x_wconf 87' lang='lat' dir='ltr'><strong>diaphoreticis</strong></span> <span class='ocrx_word' id='word_1_316' title='bbox 626 2763 721 2808; x_wconf 72' lang='lat' dir='ltr'><strong>Gal.</strong></span> <span class='ocrx_word' id='word_1_317' title='bbox 754 2768 796 2807; x_wconf 81' lang='lat' dir='ltr'><strong>et</strong></span> <span class='ocrx_word' id='word_1_318' title='bbox 818 2763 885 2807; x_wconf 89' lang='lat' dir='ltr'><strong>De</strong></span> <span class='ocrx_word' id='word_1_319' title='bbox 917 2764 960 2808; x_wconf 86' lang='lat' dir='ltr'><strong>d.</strong></span> <span class='ocrx_word' id='word_1_320' title='bbox 987 2778 1021 2809; x_wconf 83' lang='lat' dir='ltr'><strong>S.</strong></span> <span class='ocrx_word' id='word_1_321' title='bbox 1055 2764 1178 2808; x_wconf 88' lang='lat' dir='ltr'><strong>card.</strong></span> <span class='ocrx_word' id='word_1_322' title='bbox 1213 2766 1264 2808; x_wconf 75' lang='lat' dir='ltr'><strong>in</strong></span> <span class='ocrx_word' id='word_1_323' title='bbox 1295 2770 1422 2809; x_wconf 77' lang='lat' dir='ltr'><strong>teoetu</strong></span> <span class='ocrx_word' id='word_1_324' title='bbox 1453 2766 1491 2820; x_wconf 87' lang='lat' dir='ltr'><strong>b,</strong></span> <span class='ocrx_word' id='word_1_325' title='bbox 1524 2763 1592 2809; x_wconf 92' lang='lat' dir='ltr'><strong>De</strong></span> <span class='ocrx_word' id='word_1_326' title='bbox 1617 2764 1814 2808; x_wconf 89' lang='lat' dir='ltr'><strong>diafore-</strong></span> 
     </span>
    </p>
   </div>
   <div class='ocr_carea' id='block_1_9' title="bbox 135 2819 1814 2997">
    <p class='ocr_par' dir='ltr' id='par_1_9' title="bbox 135 2819 1814 2997">
     <span class='ocr_line' id='line_1_38' title="bbox 135 2819 1695 2881; baseline 0.002 -17"><span class='ocrx_word' id='word_1_327' title='bbox 135 2820 334 2865; x_wconf 87' lang='lat' dir='ltr'><strong>ticorum</strong></span> <span class='ocrx_word' id='word_1_328' title='bbox 365 2835 488 2865; x_wconf 88' lang='lat' dir='ltr'><strong>eura.</strong></span> <span class='ocrx_word' id='word_1_329' title='bbox 551 2819 674 2874; x_wconf 85' lang='lat' dir='ltr'><strong>Quos</strong></span> <span class='ocrx_word' id='word_1_330' title='bbox 706 2821 850 2865; x_wconf 85' lang='lat' dir='ltr'><strong>etiam</strong></span> <span class='ocrx_word' id='word_1_331' title='bbox 882 2821 923 2867; x_wconf 83' lang='lat' dir='ltr'><strong>d.</strong></span> <span class='ocrx_word' id='word_1_332' title='bbox 959 2823 1200 2880; x_wconf 86' lang='lat' dir='ltr'><strong>appellant</strong></span> <span class='ocrx_word' id='word_1_333' title='bbox 1229 2838 1258 2881; x_wconf 79' lang='lat'><strong><em>9</em></strong></span> <span class='ocrx_word' id='word_1_334' title='bbox 1281 2825 1353 2880; x_wconf 80' lang='lat' dir='ltr'><strong>(ef.</strong></span> <span class='ocrx_word' id='word_1_335' title='bbox 1392 2823 1501 2868; x_wconf 78' lang='lat' dir='ltr'><strong>Gar.</strong></span> <span class='ocrx_word' id='word_1_336' title='bbox 1537 2829 1579 2879; x_wconf 88' lang='lat'><strong>6,</strong></span> <span class='ocrx_word' id='word_1_337' title='bbox 1601 2825 1695 2880; x_wconf 76' lang='lat'><strong>24).</strong></span> 
     </span>
     <span class='ocr_line' id='line_1_39' title="bbox 139 2879 1814 2939; baseline 0.001 -17"><span class='ocrx_word' id='word_1_338' title='bbox 139 2884 192 2922; x_wconf 89' lang='grc'><strong>16</strong></span> <span class='ocrx_word' id='word_1_339' title='bbox 234 2879 299 2924; x_wconf 87' lang='lat' dir='ltr'><strong>eis</strong></span> <span class='ocrx_word' id='word_1_340' title='bbox 331 2879 499 2936; x_wconf 82' lang='lat' dir='ltr'><strong>quibus</strong></span> <span class='ocrx_word' id='word_1_341' title='bbox 539 2893 625 2938; x_wconf 85' lang='lat' dir='ltr'><strong>ego</strong></span> <span class='ocrx_word' id='word_1_342' title='bbox 668 2881 879 2924; x_wconf 84' lang='lat' dir='ltr'><strong>attamen</strong></span> <span class='ocrx_word' id='word_1_343' title='bbox 918 2882 963 2925; x_wconf 91' lang='lat' dir='ltr'><strong><em>V</em></strong></span> <span class='ocrx_word' id='word_1_344' title='bbox 987 2881 1069 2938; x_wconf 86' lang='lat' dir='ltr'><strong>(eis</strong></span> <span class='ocrx_word' id='word_1_345' title='bbox 1103 2883 1312 2926; x_wconf 87' lang='lat' dir='ltr'><strong>attamen</strong></span> <span class='ocrx_word' id='word_1_346' title='bbox 1350 2895 1436 2939; x_wconf 88' lang='lat' dir='ltr'><strong>ego</strong></span> <span class='ocrx_word' id='word_1_347' title='bbox 1473 2882 1605 2939; x_wconf 62' lang='lat' dir='ltr'><strong>aem:</strong></span> <span class='ocrx_word' id='word_1_348' title='bbox 1646 2881 1814 2938; x_wconf 87' lang='lat' dir='ltr'><strong>quibus</strong></span> 
     </span>
     <span class='ocr_line' id='line_1_40' title="bbox 136 2938 1015 2997; baseline 0.001 -14"><span class='ocrx_word' id='word_1_349' title='bbox 136 2952 223 2996; x_wconf 87' lang='lat' dir='ltr'><strong>ego</strong></span> <span class='ocrx_word' id='word_1_350' title='bbox 253 2941 413 2983; x_wconf 87' lang='lat' dir='ltr'><strong>tamen</strong></span> <span class='ocrx_word' id='word_1_351' title='bbox 443 2939 521 2983; x_wconf 83' lang='lat' dir='ltr'><strong>rB</strong></span> <span class='ocrx_word' id='word_1_352' title='bbox 553 2938 738 2995; x_wconf 85' lang='lat' dir='ltr'><strong>(quibus</strong></span> <span class='ocrx_word' id='word_1_353' title='bbox 768 2941 928 2983; x_wconf 88' lang='lat' dir='ltr'><strong>tamen</strong></span> <span class='ocrx_word' id='word_1_354' title='bbox 959 2942 1015 2997; x_wconf 78' lang='lat' dir='ltr'><strong>b).</strong></span> 
     </span>
    </p>
   </div>
  </div>
 </body>
</html>
