1988 3184
461 129 925 183 mmorARmM
953 130 1132 177 Bssnx.
1165 128 1506 175 SECUNDUM.
1711 125 1818 179 383

50 266 118 320 87

284 266 365 317 Ad
402 266 797 316 mamillarum
836 265 1115 315 dolorem.
1154 271 1316 315 terrae
1355 264 1529 315 tubera
1559 264 1739 314 viridia
1770 271 1819 314 et

138 342 400 406 axungiam
437 346 656 390 veterem
696 341 802 389 sine
832 339 943 389 sale
982 339 1149 406 tunde,
1189 344 1238 388 et
1267 354 1458 403 panem.
1498 338 1651 387 facies
1691 343 1818 387 eata—

137 413 324 479 plasma
362 419 412 463 et
449 416 686 479 impones,

49 485 120 539 88
285 487 365 536 Ad
406 502 682 536 cancrum
720 489 778 535 in
817 485 1114 536 mamillis,
1156 485 1416 535 submittes
1455 485 1528 534 illi
1565 485 1717 549 pedes
1757 486 1817 534 de

135 561 264 611 lecto
303 574 426 624 quae
465 562 811 610 necessitatem
848 561 1047 627 patitur,
1086 561 1154 608 ita
1192 565 1248 608 ut
1283 564 1468 608 terram
1505 574 1607 608 non
1637 565 1817 624 tangat,
1861 573 1882 605 5

137 641 186 684 et
223 633 374 683 facies
411 649 603 699 pugnos
641 633 835 697 pollicis
873 636 1029 699 intuS‚
1069 639 1119 682 et
1150 633 1285 682 dices
1315 634 1368 681 in
1399 647 1589 698 manuS‚
1619 632 1713 681 hoc
1745 638 1820 682 est

137 708 384 757 inclusum
421 709 474 756 in
511 709 690 772 pugnis
728 707 864 756 Asca.
905 707 1064 756 basca.
1105 708 1298 755 rastaia.
1347 721 1470 755 serc.
1511 720 1694 755 cercer.
1724 701 1819 754 're-

139 781 310 831 cercel.
350 780 474 830 nihil
513 786 609 845 est,
655 780 781 829 nihil
820 786 916 846 est,
955 780 1079 829 nihil
1118 781 1362 829 facturum
1402 781 1509 828 erit.
1558 779 1688 843 quod
1729 794 1817 843 ego

137 855 220 904 ille
276 860 359 904 aut
414 854 498 903 illa
531 851 538 919 Ι
573 851 635 919 (f.
660 850 780 919 440)
833 853 1005 902 filius
1061 855 1225 918 gaiae
1282 855 1440 902 seiae
1493 852 1722 901 mamillis
1778 855 1820 901 si

137 934 310 994 pectus
347 927 503 977 habeo
544 943 571 976 a
609 933 674 993 te,
713 927 857 976 deus
897 933 1011 991 peto
1051 933 1287 991 praestes,
1329 942 1515 991 expues
1554 929 1606 975 in
1644 941 1818 974 manus
1844 942 1885 973 10

140 1001 293 1051 semel
331 1007 380 1050 et
411 1001 624 1050 deduces
656 1000 715 1050 ab
740 1000 974 1050 umbilico
1008 999 1204 1049 sursum
1243 1015 1416 1049 versus
1447 1015 1537 1064 per
1567 999 1818 1049 mamillas,

138 1082 215 1125 ter
252 1075 346 1124 hoc
384 1080 461 1123 ter
498 1076 655 1123 ternis
696 1075 863 1140 facieS,
904 1079 952 1123 et
991 1074 1303 1123 remediabiS.

51 1146 120 1201 89
287 1147 516 1207 Quibus
571 1164 798 1213 ungues
861 1147 1063 1197 dolent
1118 1149 1239 1197 sive
1294 1147 1670 1212 paronychia.
1725 1146 1821 1194 mel

140 1238 357 1288 coquens
398 1222 655 1288 despuma,
694 1222 887 1270 radices
927 1221 986 1270 ad
1026 1237 1232 1286 aequam
1281 1236 1504 1285 spumam
1544 1222 1734 1284 argenti
1773 1226 1821 1268 et

140 1299 268 1346 aeris
306 1297 479 1345 florem
514 1297 690 1344 tritum
730 1295 872 1344 simul
908 1297 1247 1362 commiscens,
1288 1300 1337 1343 et
1367 1294 1614 1359 unguibus
1646 1296 1698 1342 in
1730 1293 1820 1341 lin·
1846 1308 1887 1340 15

139 1370 269 1419 teolo
309 1372 546 1434 impones,

52 1440 123 1493 90
287 1443 366 1492 Ad
428 1444 864 1492 eructationem
924 1442 1015 1491 vel
1078 1442 1367 1491 stomachi
1429 1441 1819 1490 inflationem.

138 1523 330 1567 murtae
369 1518 537 1580 nigrae
575 1516 747 1566 bacam
786 1518 1047 1565 contritam
1087 1516 1225 1564 dabis
1266 1531 1378 1564 cum
1416 1517 1528 1563 vino
1567 1516 1745 1563 veteri..

51 1589 118 1642 91
286 1591 366 1640 Ad
399 1590 760 1639 stomachum
793 1590 1263 1638 confirmandum
1304 1589 1691 1637 diatessaron.
1742 1603 1819 1651 cy—

139 1667 344 1731 minum,
383 1670 559 1730 rutam,
597 1663 768 1713 bacam
806 1663 932 1713 lauri
964 1666 1133 1727 aequis
1172 1662 1474 1727 ponderibus
1506 1663 1635 1710 trita.
1676 1659 1819 1709 melle
1844 1674 1886 1705 20

140 1741 309 1805 mixt0,
350 1737 570 1787 cocleare
610 1737 811 1802 plenum
851 1739 1048 1786 ieiunus
1088 1737 1237 1786 bibat.

52 1810 120 1864 92
287 1812 366 1860 Ad
405 1811 785 1871 formidinem
817 1810 1016 1859 cordis
1050 1817 1106 1859 et
1139 1824 1445 1875 spasmum.
1486 1807 1600 1856 folia
1639 1809 1823 1871 persici

138 1888 254 1936 trita
292 1890 538 1950 ponentur
577 1884 636 1933 ad
677 1899 775 1950 cor,
815 1890 865 1932 et
897 1899 1043 1932 sucus
1081 1884 1271 1932 horum.

7 1980 9 1982 ·
52 1958 126 2012 93*
286 1959 445 2009 Item.
485 1963 648 2007 rutam
688 1973 748 2006 ex
788 1963 924 2006 aceto
966 1962 1015 2005 et
1045 1957 1189 2006 melle
1223 1971 1335 2005 cum
1367 1956 1523 2004 farina
1561 1954 1823 2002 hordeacia

138 2034 328 2098 pectori
365 2034 604 2096 impones,
1848 2038 1888 2070 25

52 2104 124 2159 94
287 2105 367 2154 Ad
397 2105 599 2154 cordis
632 2103 916 2168 dolorem,
950 2105 1105 2166 >etiam
1138 2106 1180 2151 si
1214 2105 1352 2168 spina
1385 2102 1610 2150 doluerit.
1650 2099 1822 2147 lasaris

142 2179 388 2243 cyrenaici
427 2193 576 2241 grana
614 2178 709 2225 tria
750 2176 927 2226 detrita
967 2178 1019 2224 in
1057 2176 1201 2225 melle
1242 2182 1292 2225 et
1330 2181 1466 2224 aceto
1508 2188 1663 2236 aequo
1703 2187 1821 2235 pon-

142 2252 275 2317 dere,
316 2265 411 2315 quo
451 2250 596 2298 faciat
636 2255 800 2312 cyatos
832 2248 911 2314 ΙΙΙ,
949 2248 1099 2297 bibat.

0 2383 4 2387 ,
54 2325 124 2379 95
289 2323 368 2373 Ad
408 2322 789 2371 formidinem
829 2321 1033 2369 cordis
1074 2326 1129 2369 et
1162 2334 1469 2384 spasmum.
1508 2323 1645 2366 rutae
1679 2318 1821 2365 fasci-

144 2397 280 2447 culos
320 2399 373 2444 in
411 2397 601 2444 rosacio
643 2394 748 2443 oleo
797 2400 846 2442 et
893 2400 1029 2442 aceto
1077 2393 1352 2456 decoquitO.
1393 2398 1442 2440 et
1486 2405 1648 2454 ungue
1698 2404 1823 2455 eum,
1846 2403 1890 2434 30

263 2541 407 2581 4—12
439 2538 520 2580 hoe
549 2540 692 2580 totum
720 2535 960 2589 (consulto)
994 2547 1076 2577 om.
1109 2534 1183 2579 ed.⁴
1306 2537 1332 2576 3
1365 2530 1614 2587 exungiam
1644 2530 1702 2574 Β.

146 2602 172 2641 5
205 2610 345 2652 quae:
379 2593 461 2650 qui
485 2595 543 2638 Β.
668 2599 693 2637 6
723 2591 931 2649 pollicis:
963 2591 1154 2648 pollinis
1186 2591 1245 2635 Β.
1368 2596 1392 2634 9
1425 2589 1548 2632 filius
1581 2588 1691 2646 gaia
1724 2601 1823 2632 esse

143 2655 295 2700 iaebo.
327 2651 549 2697 mamillis
581 2657 657 2696 ete.
690 2653 793 2706 (sic)
823 2651 881 2695 Β.
1090 2655 1145 2694 10
1175 2650 1364 2706 pectum
1393 2648 1545 2692 habeo
1578 2649 1667 2692 ate.
1699 2646 1824 2691 Deus

142 2715 253 2772 peto
284 2714 423 2769 pstet.
456 2711 641 2767 Expues
674 2715 751 2755 etc.
782 2711 885 2764 (sie)
915 2710 973 2754 B.
1156 2713 1210 2752 13
1244 2707 1340 2752 sive
1371 2706 1614 2764 parohicia,
1644 2707 1704 2750 Β.

145 2791 202 2833 14
232 2785 414 2830 radices
447 2784 508 2828 ad
540 2796 738 2839 aequam
767 2784 870 2838 (sic)
903 2782 970 2826 B:
1003 2795 1084 2827 om.
1118 2783 1183 2828 ed.
1306 2785 1361 2825 18
1392 2770 1484 2825 νεῖ.
1517 2780 1576 2825 Β.
1664 2784 1716 2824 19
1749 2779 1824 2822 Ad

145 2862 179 2892 s.
207 2844 500 2890 diatessaron
531 2841 896 2887 confirmandum
928 2842 1030 2896 (sic)
1062 2841 1123 2886 Β.
1267 2844 1323 2884 24
1353 2839 1615 2883 hordeacea
1644 2839 1705 2883 Β.

145 2924 201 2965 26
232 2916 397 2962 laseris
431 2917 548 2972 (hic)
581 2915 640 2960 Β.
773 2919 830 2960 28
860 2903 958 2959 bib.
990 2913 1049 2960 B.
