1988 3184
1009 0 1079 26 :uz-03,-
1092 0 1152 29 :⁷⁵45
1166 12 1179 16 ..
1189 0 1226 18 ⁷2}
1259 0 1277 11 ,·-,
1310 20 1314 21 .
1326 3 1335 7 ,
1349 0 1358 7 μ
1368 0 1468 10 -»
1479 10 1498 16 „4
1509 0 1646 22 &qn-§.1912-
1653 0 1741 27 :wffiffi'
1757 19 1764 26 v

225 135 341 190 320
677 144 680 147 *
727 97 729 99 ¹
786 129 1361 175 PsEUDo-‘rfflzonom

543 265 622 311 Ad
645 264 717 320 II,
738 266 801 309 23
827 265 934 319 (67)
961 261 1039 306 De
1070 259 1347 318 empyicis
1377 261 1462 314 (aa
1490 261 1607 317 m).
1670 315 1672 317 ,

350 341 514 386 Alium
543 338 595 382 in
625 351 748 394 aqua
778 335 853 380 bis
885 337 1070 380 coctum
1098 349 1203 378 cum
1225 334 1340 379 faba
1371 333 1537 379 addito
1568 334 1722 392 melle,
1754 333 1924 381 exinde
1944 358 1948 370 ³

231 421 368 453 mane
386 409 434 451 et
450 419 551 450 sero
567 404 682 449 bina
699 401 931 447 coclearia
946 401 1164 458 accipiat.
1190 400 1405 458 quamvis
1429 401 1579 446 malas
1605 401 1924 448 excreationes

234 475 323 518 hoc
349 474 498 517 sanat.
529 471 722 529 pineam
745 471 793 514 et
822 467 1127 526 tragacanthi
1148 478 1208 516 ÷
1227 467 1250 511 I
1279 466 1331 511 in
1353 467 1464 512 vino
1487 468 1638 513 veteri
1667 481 1924 526 percoques

190 553 211 586 5
234 540 303 584 ita
333 541 388 583 ut
419 539 476 583 de
509 537 693 582 surculo
727 535 915 580 assidue
947 534 1121 592 agiteS,
1166 536 1215 578 et
1251 536 1360 591 post
1398 533 1575 579 adicies
1612 534 1790 593 piperis
1820 534 1926 580 triti

236 619 385 663 grana
417 605 464 661 C,
498 607 546 649 et
577 603 734 661 spicae
765 601 905 646 nardi
937 600 1059 658 scrip
1083 601 1138 646 II.
1173 601 1368 646 storacis
1401 601 1526 658 scrip
1546 601 1590 646 V
1619 601 1671 646 in
1700 601 1925 647 mortario

234 686 379 730 pones
428 673 476 715 et
524 671 581 714 de
627 669 738 714 vino
784 667 969 712 modice
1023 667 1210 724 mittes,
1258 670 1307 712 et
1345 671 1556 713 conteres
1604 670 1836 714 storacem
1873 671 1928 714 ut
1974 667 1988 727 ἒ

238 753 286 783 se
318 737 640 793 commisceat,
681 738 730 780 et
767 735 928 779 mittes
969 748 1089 792 quae
1131 734 1312 780 coxisti.
1362 735 1539 793 adicies
1570 735 1724 780 mellis
1757 736 1925 793 despu-

235 804 352 849 mati
385 803 687 848 acetabulum
718 804 766 847 et
798 803 950 846 denuo
981 801 1212 857 decoques
1244 803 1298 845 ut
1335 801 1421 846 fiat
1457 802 1611 847 mellis
1647 802 1924 860 crassitudo,
1963 797 1988 847 5

168 883 210 915 10
235 874 283 916 et
314 871 483 915 exinde
514 883 652 915 mane
685 872 734 914 et
766 883 867 913 sero
900 867 1133 913 coclearia
1165 868 1353 926 singula
1385 871 1541 914 sumat
1572 868 1671 913 sive
1701 871 1848 915 terna.

544 996 623 1040 Ad
645 996 716 1051 II,
739 998 801 1040 25
831 998 933 1048 (71)
963 994 1040 1039 De
1073 995 1443 1040 asthmaticis
1478 996 1613 1051 (fin).

331 1062 514 1118 'Aliqui
560 1062 689 1106 iecur
733 1061 980 1118 vulpinum
1034 1061 1220 1105 aridum
1266 1076 1372 1106 cum
1416 1061 1527 1107 vino
1573 1062 1710 1120 potui
1763 1062 1927 1107 datum

238 1128 373 1173 unice
404 1130 626 1185 prodesse
659 1128 949 1173 confirmant.
999 1127 1065 1172 sic
1100 1127 1248 1172 herba
1278 1127 1569 1185 peristereon
1598 1128 1789 1186 hyptios
1821 1142 1929 1181 cum

234 1195 344 1239 vino
382 1195 517 1252 potui
557 1196 671 1240 data
711 1193 987 1252 spiramenti
1024 1193 1370 1251 plenitudinem
1407 1197 1586 1240 tenuat.
1633 1194 1750 1240 item
1779 1194 1927 1239 herba

170 1280 213 1313 15
237 1262 575 1319 suprascripta,
617 1262 656 1306 si
696 1276 859 1306 sucum
898 1261 998 1306 eius
1041 1275 1148 1305 cum
1184 1261 1324 1305 melle
1363 1260 1520 1318 bibat,
1563 1261 1809 1306 indefensa
1840 1263 1925 1306 est.

239 1329 328 1373 hoc
359 1329 530 1382 vitium
561 1329 758 1373 celerius
789 1328 934 1385 tollis,
969 1328 1009 1372 si
1039 1328 1129 1372 hac
1160 1343 1271 1372 usus
1302 1328 1446 1373 fueris
1479 1328 1783 1373 confectione.
1831 1327 1927 1381 ela-

236 1395 345 1440 terii
377 1395 433 1453 Σ,
476 1395 693 1440 afronitri
725 1399 796 1452 >ss
812 1395 990 1452 sinapis
1023 1396 1078 1442 ὃν.
1118 1394 1235 1454 trita
1274 1395 1432 1439 omnia
1464 1397 1527 1440 et·
1543 1395 1791 1440 cribellata
1823 1409 1929 1439 cum

238 1477 361 1518 aqua
400 1462 595 1520 colliges
637 1465 684 1507 et
722 1461 946 1506 trociscos
986 1461 1155 1518 facies,
1197 1463 1245 1505 et
1282 1475 1366 1518 per
1409 1461 1508 1505 dies
1550 1461 1759 1519 singulos
1800 1461 1925 1506 dato.

147 1580 150 1583 .
235 1529 351 1574 facit
389 1529 479 1574 hoc
519 1530 580 1573 ad
621 1529 819 1587 anginas
852 1531 900 1573 et
932 1529 994 1572 ad
1023 1528 1296 1572 subitaneas
1330 1527 1684 1586 suffocationes,
1717 1530 1929 1573 ventrem

171 1613 213 1644 20
235 1599 421 1654 purgat.
468 1596 643 1640 veretri
690 1595 1060 1640 exulcerationes
1111 1609 1228 1651 quas
1282 1593 1380 1637 iam
1434 1608 1600 1639 cancer
1645 1596 1777 1647 tenet
1823 1609 1929 1639 cum

236 1663 374 1707 melle
412 1662 687 1719 impositum
726 1663 875 1707 sanat.
925 1663 972 1706 et
1008 1659 1301 1718 opobalsami
1341 1660 1574 1706 coclearia
1614 1661 1800 1718 singula
1845 1675 1928 1718 per

235 1729 444 1792 triduum
476 1724 683 1785 accepta,
717 1728 945 1785 optimum
978 1728 1266 1773 adiutorium
1298 1731 1380 1774 est.
1575 1747 1578 1749 “

238 1855 316 1899 Ad
338 1856 415 1909 ΙΙ,
447 1858 510 1899 26
537 1858 645 1911 (76)
686 1855 763 1898 De
804 1853 1053 1911 epaticis
1088 1855 1170 1911 (ad
1198 1856 1277 1910 sm.
1311 1857 1367 1911 cf.
1398 1869 1544 1912 supra
1575 1855 1638 1899 ad
1661 1869 1709 1910 p.
1731 1856 1837 1908 178,
1863 1856 1925 1908 3).
1966 1872 1971 1877 ·

356 1921 417 1964 Et
453 1921 527 1965 his
568 1921 816 1966 adiutoriis
858 1921 1074 1965 omnibus
1121 1922 1319 1979 epaticis
1370 1922 1572 1966 multum
1611 1920 1732 1965 scio·
1757 1919 1924 1964 salutis

174 1992 216 2025 25
239 1986 440 2032 restitui.
488 1987 662 2032 herbae
701 1987 975 2044 hyoscyami
1015 2001 1151 2031 sucus
1192 1988 1330 2031 datus
1370 1986 1506 2031 unice
1547 1988 1697 2031 sanat.
1745 1988 1929 2030 nastur-

240 2052 363 2097 cium
393 2053 540 2097 herba
573 2054 702 2098 edita
732 2054 903 2098 mirum
935 2056 1020 2099 est.
1074 2054 1191 2098 item
1229 2053 1404 2098 herbae
1442 2052 1732 2110 paeoniae-3
1755 2053 1930 2109 II,-cy-

219 2119 340 2176 ..peri
378 2121 457 2171 51
498 2134 602 2163 cum
649 2135 772 2176 aqua
820 2120 978 2165 calida
1022 2120 1174 2177 bibat,
1223 2119 1398 2177 optime
1445 2115 1574 2164 facit.
1652 2118 1766 2164 buxi
1812 2118 1930 2163 folia

240 2187 496 2230 contundes
545 2201 796 2243 sucumque
835 2202 919 2245 per
956 2187 1157 2232 linteum
1202 2186 1454 2243 exprimes,
1503 2188 1552 2229 et
1588 2199 1671 2242 per
1721 2185 1931 2229 triduum

154 2276 164 2286 ·
240 2252 387 2298 bibat.
420 2252 650 2297 masticen
673 2256 796 2299 teres
821 2257 869 2299 et
901 2268 1064 2299 cernes,
1085 2257 1134 2299 et
1158 2268 1264 2299 cum
1289 2267 1398 2297 suco
1424 2252 1661 2297 brassicae
1686 2253 1736 2296 in
1759 2251 1927 2311 genus!

363 2442 385 2480 1
419 2439 571 2482 eadem
590 2441 709 2493 (cum
734 2439 970 2484 Prisciani
993 2440 1215 2495 capitulo)
1243 2440 1456 2496 leywntur
1479 2439 1541 2482 ad
1568 2435 1776 2482 Gaz.‘1at.
1804 2437 1832 2481 l.
1843 2436 1937 2480 III

243 2497 337 2541 cod.
370 2497 500 2541 Leid.
534 2511 568 2541 c.
596 2500 667 2541 55.
790 2502 819 2541 4
851 2499 1149 2555 dragagantfi
1182 2499 1220 2542 b.
1253 2497 1334 2542 hoc
1365 2498 1483 2542 idem
1513 2497 1758 2542 remedium
1788 2510 1931 2552 supra

237 2561 451 2610 posuerat
482 2557 544 2600 ad
574 2557 644 2610 II,
671 2559 743 2601 62.
894 2561 919 2599 5
951 2557 1033 2614 pip
1065 2556 1182 2600 tritu
1214 2558 1252 2601 b.
1408 2561 1432 2599 7
1463 2555 1599 2613 ponis
1633 2557 1671 2600 b.
1823 2568 1945 2603 con-⁴

243 2613 354 2656 teris
381 2616 418 2658 b.
513 2620 538 2659 8
570 2614 721 2658 mittis
740 2617 777 2660 b.
855 2615 948 2659 mel
981 2616 1261 2672 despumatfi
1286 2614 1421 2660 accit.
1448 2617 1486 2660 b.
1592 2619 1647 2658 13
1670 2613 1931 2671 peristeron

243 2686 441 2741 hyption
473 2689 497 2731 b
532 2689 606 2742 (cf.
641 2689 794 2738 Diosc.
828 2692 870 2744 4,
898 2694 992 2745 61).
1087 2694 1141 2733 15
1174 2679 1221 2732 ff
1242 2690 1280 2734 b.
1383 2688 1443 2734 si:
1477 2690 1526 2732 et
1557 2689 1595 2733 b.
1716 2686 1931 2732 idefensa

247 2746 349 2799 (sic)
384 2746 422 2788 b.
531 2750 584 2789 16
615 2746 839 2790 Electerii
871 2749 893 2792 ἒ
927 2750 964 2792 b.
1060 2753 1114 2791 19
1147 2762 1355 2805 angenas
1387 2750 1425 2793 b.
1518 2760 1627 2791 vere
1659 2761 1735 2791 c1u
1766 2743 1925 2803 exulo!

246 2806 564 2861 exultiationes
598 2821 636 2863 b.
730 2825 786 2863 20
817 2809 853 2876 ξ
885 2823 1060 2878 (quam)
1093 2823 1131 2866 b.
1237 2826 1292 2864 22
1326 2822 1538 2878 acceptu.
1571 2818 1752 2877 aptimfi
1779 2855 1788 2864 .
1816 2855 1825 2864 .
1853 2823 1865 2863 .’
1890 2819 1928 2863 b.

246 2878 302 2916 25
335 2879 446 2918 sucii
480 2876 593 2920 datu
626 2879 664 2922 b.
787 2883 843 2922 26
875 2879 1022 2938 herba
1043 2880 1185 2940 ¹edita
1217 2882 1254 2925 b.
1378 2884 1434 2924 27
1465 2879 1561 2924 bib.
1595 2881 1634 2924 b.
1735 2881 1791 2922 28
1823 2890 1931 2922 0011-

159 2943 162 2945 ’
246 2930 373 2976 tund'
410 2935 449 2980 b.
570 2935 789 2991 exprimis
815 2939 853 2982 b.
980 2943 1050 2981 ,29
1082 2938 1278 2983 mastice
1311 2940 1350 2984 b.
1471 2938 1670 2995 ingestus
1699 2940 1705 2996 Ι
1731 2935 1855 2982 mal’.
1889 2937 1929 2981 b.
