1988 3184
616 535 1007 606 Fragmentum
1051 532 1362 606 physicum.

248 631 462 689 Sequitwr
491 632 544 675 i‘n
575 631 723 675 codice
753 630 902 674 Brux.
939 631 1036 674 sine
1067 629 1325 673 discrimine
1354 629 1573 672 insertum
1595 628 1805 670 mutilum

128 692 432 749 fraymentum
461 696 503 734 et
531 694 793 745 corruptum
821 690 902 733 hoe
926 690 953 745 (.
983 725 991 734 .
1019 724 1028 733 .
1053 701 1327 745 perungues.
1366 688 1560 742 tamqua,
1590 685 1804 730 feminae.

131 749 254 793 Nam
277 748 317 793 si
340 751 442 806 etc),
484 748 663 792 videtwr
693 753 843 792 autem
871 749 924 791 i‘n
946 749 1062 792 libro
1086 761 1214 804 quem
1237 746 1471 802 descripsit
1492 746 1642 789 scriba
1663 759 1807 788 unum

129 814 242 854 certe
270 809 434 864 folium
464 807 671 862 defuisse.

281 940 291 950 .
318 940 327 949 .
355 940 365 949 .
390 906 638 964 tamquam
669 900 893 948 feminae.
926 915 1041 948 nam
1073 902 1115 948 si
1147 902 1198 948 in
1223 901 1355 948 coitu
1387 897 1619 947 mulieres
1651 897 1806 946 bonae

128 980 463 1040 praestantur,
510 974 570 1022 ad
618 989 789 1022 sexum
828 975 909 1021 cui
954 975 1203 1037 appositae
1251 973 1456 1037 fuerint,
1501 973 1599 1020 iam
1649 977 1808 1019 sectae

131 1048 286 1097 virilis
321 1054 446 1097 sunt.
479 1062 593 1097 nam
619 1062 826 1111 sponsae
851 1046 1096 1095 seminalis
1120 1048 1194 1095 vis
1217 1061 1391 1110 magna
1423 1052 1512 1111 est,
1545 1047 1588 1094 si
1612 1045 1810 1109 quidem

132 1138 191 1171 ex
229 1124 399 1187 paucis
431 1122 760 1185 infrascriptis
792 1121 1025 1169 noscitur.
1066 1135 1179 1169 nam
1217 1119 1383 1168 fabae
1423 1119 1644 1168 florentis
1678 1133 1808 1167 sum-

131 1197 326 1244 mitates
364 1195 518 1244 lectae
554 1190 621 1243 ‘ae
669 1196 813 1243 tritae
862 1200 911 1242 et
955 1195 1059 1242 vasi
1097 1200 1258 1243 terrae
1309 1193 1564 1242 mandatae
1613 1199 1661 1241 et
1698 1197 1810 1257 post
1856 1198 1876 1230 5

133 1271 394 1332 nonaginta
450 1269 555 1317 dies
612 1268 877 1316 exobrutae
935 1274 1079 1332 caput
1140 1268 1341 1316 infantis
1402 1282 1556 1331 paene
1620 1267 1812 1314 cruenti

99 1342 411 1409 *ostendunt
461 1342 589 1406 quod
638 1343 679 1389 si
727 1357 874 1406 supra
922 1343 1130 1405 scriptos
1178 1341 1283 1390 dies
1331 1342 1592 1405 retexeris,
1633 1354 1810 1403 corpus

133 1415 372 1465 muliebre
412 1416 685 1464 formatum·
715 1414 1055 1478 deprehendis,

280 1489 356 1538 De
397 1504 585 1537 eruca.
638 1503 812 1536 erucae
859 1489 946 1535 viti
990 1488 1222 1553 inclusae,
1271 1502 1383 1535 cum
1421 1488 1598 1534 feceris
1638 1486 1810 1534 viridis

134 1564 332 1628 farinas,
373 1564 415 1611 si
455 1563 561 1611 dies
599 1567 828 1610 maneant
859 1563 1091 1627 intactae,
1130 1561 1388 1609 licurcium
1427 1575 1540 1608 cum
1578 1561 1674 1607 vite
1715 1560 1810 1607 for-
1837 1567 1876 1597 1⁰

137 1643 322 1686 matum
361 1635 638 1684 ostendunt.

282 1709 357 1758 De
398 1709 535 1758 luto.
591 1708 748 1757 lutum
793 1708 1077 1756 humectum
1124 1723 1247 1771 aqua
1300 1706 1499 1771 pluviali
1553 1712 1602 1755 et
1648 1706 1810 1754 made—

138 1785 339 1849 factum,
378 1785 445 1831 ita
478 1782 774 1831 custoditum
805 1787 860 1829 ut
895 1796 992 1829 non
1026 1783 1261 1846 siccetur,
1292 1781 1515 1828 firmatur
1546 1782 1597 1828 in
1628 1795 1809 1827 muros.

283 1856 358 1906 De
411 1858 611 1905 ocimO.
675 1856 887 1903 ocimum
933 1854 1047 1903 luna
1092 1856 1251 1919 prima
1296 1855 1467 1902 tritum
1514 1859 1562 1902 et
1607 1855 1813 1901 missum

137 1933 189 1980 in
229 1930 373 1979 ollam
411 1945 586 1979 novam
617 1927 811 1976 florebit
841 1928 1135 1992 permanens
1179 1943 1333 1992 usque
1375 1928 1434 1975 ad
1473 1927 1810 1991 plenilunium.
1838 1932 1879 1965 15

140 2005 269 2070 quod
324 2006 367 2052 si
421 2003 617 2067 duplato
671 2008 892 2065 tempore
948 2002 1226 2066 supradicto
1282 2001 1519 2049 condatur
1565 2002 1617 2048 in
1675 2002 1813 2064 nigra

138 2085 285 2143 terra,
325 2083 527 2141 generat
567 2076 864 2141 spiphiones
944 2121 947 2123 ,
1878 2135 1879 2138 ¹

287 2150 675 2199 Coriandrum
715 2148 942 2197 dentibus
984 2147 1238 2197 subactum
1282 2154 1330 2196 et
1368 2149 1420 2196 in
1460 2147 1560 2196 sole
1600 2149 1815 2211 positum

140 2225 380 2272 fervescit.

262 2360 280 2393 1
316 2352 559 2405 tamquam
589 2347 644 2392 f.=
676 2347 833 2391 Fabae
865 2347 895 2393 f.
928 2349 993 2392 ed.
1100 2361 1211 2390 nam
1241 2361 1324 2392 om,
1352 2348 1417 2391 ed.
1508 2346 1717 2390 mulieris
1748 2347 1814 2391 ed.

141 2411 291 2453 bonae
307 2410 379 2453 hic
394 2422 477 2453 om.
495 2409 561 2452 ed.
632 2411 656 2449 2
670 2406 820 2450 lectae
837 2406 1010 2451 virides
1026 2407 1092 2450 ed.
1104 2408 1199 2463 (qui
1214 2407 1319 2450 add.
1337 2406 1519 2462 bonae).
1582 2405 1814 2450 3NamB:

142 2483 225 2513 om,
242 2469 307 2512 ed.
319 2469 436 2512 idem
449 2471 762 2523 armamentum
775 2480 928 2523 yraeee
939 2467 1074 2510 habes
1084 2466 1211 2521 apud
1220 2465 1442 2522 Porphyr.
1452 2466 1529 2509 vit.
1541 2464 1732 2523 Pythaq.
1743 2468 1815 2509 44.

143 2531 168 2570 5
200 2529 352 2571 terrae
383 2525 637 2569 mundatae
667 2525 713 2568 B
744 2526 910 2581 (terreo
941 2524 1193 2567 mandatae
1217 2525 1314 2580 ed.).
1446 2527 1469 2566 7
1500 2537 1583 2580 per
1615 2525 1736 2580 (post
1759 2522 1816 2579 si)

141 2587 248 2631 add.
273 2587 340 2630 ed.
454 2591 479 2629 9
505 2596 670 2627 erucae
700 2597 757 2627 sc.
790 2583 972 2640 κάμπαι
1004 2584 1079 2638 (cf.
1109 2582 1303 2638 Geopo‘n.
1331 2582 1440 2636 XV,
1467 2586 1508 2637 1,
1532 2586 1628 2636 21).
1748 2581 1817 2626 vi-

142 2644 266 2688 rides
291 2645 357 2688 ed.
481 2648 534 2686 lo
565 2643 668 2696 fort.
701 2641 974 2697 lyncurium.
1098 2645 1151 2684 12
1176 2641 1245 2685 De
1268 2640 1398 2684 lotio.
1423 2639 1611 2684 Lotium
1633 2642 1698 2686 ed.

146 2708 200 2746 13
217 2705 321 2758 fort.
340 2704 367 2747 l.
385 2702 625 2746 formatur.
721 2702 825 2755 fort.
858 2713 1023 2744 mures.
1116 2704 1172 2744 14
1190 2698 1350 2744 ozimo.
1377 2699 1637 2743 ozimumB
1653 2703 1713 2755 (et
1728 2701 1833 2756 σᾶ),

147 2766 200 2804 17
234 2761 502 2818 spiphiones
534 2760 637 2815 (sie)
672 2760 714 2802 B
747 2758 1027 2815 (scorpiones
1052 2759 1205 2804 Diosc.
1230 2762 1281 2813 2,
1306 2761 1409 2803 170.
1443 2760 1566 2803 Plin.
1591 2762 1674 2813 20,
1698 2762 1817 2815 119).

145 2824 316 2864 18—19
341 2834 424 2864 om.
456 2821 521 2864 ed.
645 2822 700 2862 18
725 2817 1024 2862 Coliandrum
1054 2819 1112 2862 B.
1622 2858 1624 2861 ,
