1950 3172
489 157 869 203 Euroms'rou
899 153 1328 209 FAENOMENON.
1679 147 1750 201 35

38 286 336 366 &inpositus
375 302 658 362 competens
697 293 992 344 beneficium
1029 296 1258 356 praestat.
1335 303 1449 339 nam
1489 293 1538 336 et
1577 301 1751 336 caseus

44 370 249 425 ‘'i'ecens
286 373 434 421 tritus
466 371 725 435 impositus
759 382 902 431 saepe
934 365 1072 415 illum
1102 370 1347 414 tumorem
1380 363 1639 427 oppressit.
1703 365 1751 409 et

74 445 308 497 absinthii
345 443 526 494 herbae
565 442 726 508 pulvis
765 455 877 490 cum
916 441 1157 489 cerotario
1188 438 1282 487 hoc
1313 437 1446 486 idem
1483 436 1613 485 facit.
1678 436 1750 483 sic

74 535 135 577 ex
174 534 342 570 murra
372 519 544 583 pingui
581 515 744 565 locum
781 515 942 579 primo
982 513 1244 562 foveamus,
1313 513 1383 560 sic
1415 511 1563 559 etiam
1594 507 1749 573 cycla-

73 595 264 643 minum
317 606 429 641 cum
481 605 574 640 uva
626 603 770 654 passa
825 588 1141 636 commixtum
1190 591 1238 634 et
1284 586 1551 634 contritum
1598 587 1749 631 curat.
1797 592 1819 624 ⁵

75 673 125 716 et
169 665 307 715 bulbi
352 663 547 714 candidi
593 677 706 712 cum
750 660 894 710 melle
942 661 1143 709 contriti
1194 658 1423 708 similiter
1469 661 1750 722 operantur.

73 741 148 789 sic
185 738 463 788 rafanorum
503 742 671 785 cortex
711 749 823 783 cum
861 749 955 783 uva
991 748 1135 798 passa
1174 732 1416 798 medetur,
1463 733 1535 780 sic
1574 744 1752 780 erucae

0 817 2 873 1
74 811 187 862 folia
227 826 338 860 cum
377 809 487 859 felle
526 810 744 874 porcin0.
823 809 893 856 sic
933 807 1012 855 fici
1050 808 1260 870 pingues
1299 807 1350 854 in
1390 806 1551 854 muria
1584 809 1749 853 coctae

0 891 3 944 ξ
73 886 269 949 saepius
307 884 613 948 profuerunt.

0 983 5 1054 ξ
220 987 279 1036 ad
324 986 608 1050 repentinas
654 989 817 1033 autem
866 985 1157 1047 sanguineas
1209 982 1424 1031 maculas
1473 981 1628 1030 oculis
1676 983 1749 1029 in·
1770 975 1842 1029 34

0 1055 5 1096 ἶ
69 1060 330 1110 haerentes
360 1059 507 1108 flores
538 1057 615 1107 vel
647 1072 816 1106 semen
846 1058 986 1122 ysopi
1016 1056 1198 1105 herbae
1230 1058 1282 1105 in
1312 1055 1515 1120 limpido
1547 1054 1750 1104 linteolo
1777 1066 1816 1096 11

73 1133 323 1198 colligabis
370 1139 419 1182 et
471 1133 523 1181 in
570 1146 693 1196 aqua
741 1130 895 1180 calida
949 1130 1180 1179 infundes
1228 1135 1278 1179 et
1332 1129 1559 1194 agitando
1607 1145 1751 1178 exsu-

5 1240 7 1245 ι
71 1207 219 1256 cabis,
297 1208 383 1271 qui
421 1220 569 1255 sucus
606 1203 758 1254 veluti
797 1206 1095 1269 sanguineus
1127 1200 1196 1270 fit,
1228 1220 1288 1253 ex
1320 1219 1416 1268 quo
1449 1203 1752 1252 infundendo

6 1279 7 1283 ’
71 1280 179 1330 illas
212 1281 504 1344 sanguineas
534 1277 750 1328 maculas
783 1278 1126 1343 depurgamus.
1188 1284 1360 1342 postea
1391 1283 1501 1326 ture
1533 1276 1751 1326 masculo

73 1361 121 1403 et
174 1353 319 1403 alfitis
373 1355 542 1418 aequis
596 1351 899 1417 ponderibus
954 1351 1251 1401 carbonibus
1306 1353 1552 1415 impositis
1607 1351 1751 1400 fumi-
1779 1374 1819 1406 15

8 1426 9 1430 ’
71 1428 217 1492 gandi
258 1434 384 1476 sunt.

221 1533 262 1579 si
299 1545 415 1578 vero
457 1529 619 1578 caedis
664 1543 932 1593 percussus
979 1527 1103 1576 hanc
1144 1527 1384 1576 maculam
1434 1530 1750 1592 sanguineam

0 1663 3 1673 ,
73 1619 185 1653 cum
225 1603 393 1652 dolore
431 1604 790 1666 procuraverit,
836 1601 914 1649 his
954 1600 1167 1650 columbi
1213 1603 1359 1650 matri
1407 1600 1637 1650 subducti
1673 1617 1750 1650 re-

9 1675 11 1678 ’
71 1678 304 1742 pentinus
345 1677 544 1738 sanguis
584 1675 797 1740 prodest,
838 1690 982 1739 quam
1021 1676 1232 1723 maxime
1266 1676 1308 1723 si
1341 1675 1399 1723 de
1432 1677 1598 1739 pinnis
1629 1675 1751 1724 mol-

0 1920 17 1945 „
191 1895 213 1933 1
246 1889 494 1946 impositus
529 1890 646 1935 Geb:
678 1889 954 1947 immposito
987 1891 1080 1946 Bb,
1114 1892 1224 1934 -tfi
1255 1906 1291 1936 r.
1416 1895 1440 1933 2
1475 1892 1523 1934 et
1553 1890 1648 1947 inp.
1676 1892 1749 1935 rb.

71 1948 301 2006 oppressit
331 1949 542 1993 rBGeZ.:
575 1950 627 2005 (s.
659 1950 863 1993 tumores
895 1949 1151 2006 oculorum)
1184 1948 1400 1994 dissolvit
1431 1951 1468 1995 b.
1625 1954 1651 1993 3
1683 1949 1750 1994 sic

15 2029 19 2065 f
75 2007 192 2053 Get:
226 2007 265 2051 si
296 2009 387 2052 Br.
494 2012 522 2049 4
554 2008 602 2051 et
631 2009 706 2064 (ex
734 2009 775 2065 r)
805 2021 935 2052 mora
964 2007 1129 2065 pingui
1160 2009 1306 2065 rGel.,
1340 2023 1395 2053 ex
1425 2022 1553 2052 moro
1584 2008 1750 2066 pingui

15 2071 17 2120 j
69 2067 128 2123 B,
161 2068 209 2110 et
238 2079 364 2110 more
395 2065 502 2110 rubi
531 2065 696 2110 viridis
728 2072 839 2111 sucu
873 2068 897 2112 b
928 2068 1116 2126 (βατίνῳ
1147 2082 1214 2124 yr.
1240 2083 1290 2125 χο.
1317 2071 1402 2113 351
1413 2069 1447 2125 !)
1595 2067 1751 2111 locum

17 2146 19 2150 ⁴
70 2126 170 2170 Bb:
207 2139 316 2169 -co
353 2124 447 2170 Get.
570 2124 712 2168 etiam
743 2126 791 2169 et
814 2126 851 2170 b.
975 2129 1000 2169 6
1030 2125 1165 2170 bulbi
1197 2126 1406 2172 candidi:
1438 2129 1504 2172 sic
1527 2127 1747 2171 Berel.

18 2191 21 2210 ⁵
70 2183 259 2228 contriti
290 2184 356 2229 B:
388 2185 548 2227 —tum
583 2185 678 2229 θεῖ.
712 2185 808 2240 (om.
843 2186 898 2241 b).
1019 2187 1270 2242 operantur
1299 2186 1397 2231 rB:
1434 2187 1619 2230 —ratur
1655 2186 1749 2230 Gel.

72 2244 174 2298 (om.
207 2244 261 2299 b).
408 2247 431 2286 7
464 2242 731 2286 rafanorum
761 2243 839 2287 rB
860 2244 976 2288 Gel.:
1008 2243 1161 2287 rafani
1193 2247 1230 2290 b.
1353 2259 1482 2289 cum:
1515 2246 1589 2302 (=
1620 2243 1651 2299 ἥ
1681 2259 1750 2302 qr.

69 2315 109 2346 v.
137 2305 226 2345 351
257 2302 373 2345 male
402 2302 475 2345 hic
506 2300 707 2345 contriti]
740 2303 872 2347 addit
894 2304 950 2359 b).
1088 2316 1222 2363 eruce
1246 2305 1306 2349 rb
1327 2305 1444 2349 Gel.:
1478 2316 1665 2347 cerosae
1689 2304 1747 2348 Β.

70 2363 97 2402 8
127 2359 318 2426 porcino
349 2361 409 2403 rb
428 2360 546 2404 Geb:
576 2359 762 2404 taurino
792 2360 868 2405 vel
897 2361 1177 2418 porcinoB.
1299 2361 1394 2407 fici:
1426 2364 1491 2407 sic
1522 2363 1634 2406 Brb
1653 2363 1748 2406 Gel.

22 2422 23 2425 ’
69 2431 221 2462 muna
255 2418 350 2485 Get.
384 2419 458 2473 (cf.
491 2432 633 2475 supra
662 2420 704 2472 Ι,
737 2422 837 2477 24):
868 2434 994 2465 more
1025 2422 1084 2476 B,
1115 2420 1268 2465 mulsa
1299 2423 1370 2465 br.
1589 2422 1749 2464 coctae

23 2525 25 2533 .
72 2477 182 2531 Gel„
217 2478 339 2521 cocti
354 2478 413 2533 Β,
447 2477 566 2520 —tis
597 2492 641 2522 r:
675 2477 856 2523 decocti
887 2481 926 2524 b.
1063 2485 1088 2523 9
1122 2479 1308 2536 saepius
1339 2481 1444 2524 rB:
1478 2492 1616 2536 saepe
1651 2479 1746 2524 Gel.

67 2535 342 2592 profuerunt
370 2536 469 2581 rB:
504 2549 609 2579 —re
645 2535 738 2581 Gel.
892 2542 945 2581 11
978 2538 1113 2582 flores
1145 2540 1190 2582 Β
1212 2538 1331 2583 Gel.:
1363 2538 1448 2582 flos
1480 2538 1552 2583 br.
1672 2537 1749 2582 vel

29 2617 31 2619 r
72 2608 229 2641 semen
259 2596 339 2638 Bb
360 2596 478 2639 GeL:
511 2609 593 2639 om.
626 2611 662 2640 r.
812 2595 1008 2653 limpido
1040 2598 1085 2640 Β
1106 2598 1223 2642 GeL:
1256 2611 1338 2642 om.
1371 2611 1408 2652 r,
1440 2597 1615 2642 mundo
1648 2598 1685 2642 b.

69 2658 124 2698 12
155 2653 205 2697 in
235 2654 318 2698 rB
339 2654 456 2698 (ἱεὶς
490 2667 571 2698 om.
606 2655 630 2698 b
664 2655 804 2711 (aqua
834 2660 911 2700 etc.
943 2658 998 2711 r).
1091 2654 1334 2700 exsucabis
1367 2655 1603 2712 (exucabis
1633 2656 1747 2714 θεῖ.)

67 2713 114 2758 Β
133 2712 251 2758 Gel.2
284 2711 541 2757 exsiccabis
574 2714 643 2758 br.
798 2717 852 2757 15
885 2713 1026 2758 alfitis
1059 2714 1242 2771 (—fetis
1273 2716 1315 2773 r)
1344 2715 1500 2760 rGeL:
1534 2714 1661 2774 alfite
1687 2717 1745 2769 Β,

68 2770 200 2834 alfita
232 2773 269 2816 b.
391 2771 623 2828 impositis
656 2773 732 2816 rB
751 2773 868 2817 θεῖε
901 2774 1008 2818 ——tsi
1043 2775 1081 2818 b.
1226 2778 1281 2817 17
1314 2773 1469 2818 caedis
1500 2788 1745 2832 percussus

57 2830 181 2887 Bel„
215 2830 341 2875 cedis
371 2830 608 2887 percussio
641 2832 685 2875 b:
728 2830 855 2875 cedis
887 2833 970 2875 aut
997 2832 1228 2889 percussis
1258 2848 1303 2889 r,
1345 2832 1491 2878 caesis
1532 2835 1614 2877 aut
1642 2847 1746 2891 per-

37 2889 214 2947 ·Zsjcussis
245 2890 302 2934 Β.
559 2894 611 2933 18
642 2890 961 2947 procuraverit
992 2893 1069 2937 br:
1103 2891 1277 2936 —raris
1311 2893 1367 2948 B,
1398 2894 1616 2950 procuret
1650 2893 1744 2937 Gel.

97 2951 124 2992 9
154 2948 311 3006 pinnis
346 2949 466 2994 &ebe
495 2948 660 3006 pennis
691 2949 816 2994 Bbr.
