1988 3184
201 106 240 159 4
252 105 320 158 16
764 105 1006 151 PSEUDO
1009 105 1346 151 -THEODORI

204 237 423 295 frigidior
452 236 602 282 virtus
627 250 773 293 quam
794 235 1008 282 calidior.
1039 235 1187 283 habet
1208 236 1448 292 quendam
1469 238 1660 284 tenuem.
1681 235 1901 284 calonem.
1975 286 1978 289 ,

205 305 330 351 unde
362 306 411 348 εὴ
433 302 630 348 nimium
656 302 804 347 siccat
826 316 1025 348 umores.
1057 302 1316 360 compescit
1335 302 1534 348 diversis
1557 301 1710 350 modis
1733 301 1903 362 habita

382 369 591 415 nimios
620 383 846 425 quoque
879 369 1115 414 sudores
1147 368 1335 427 ipsius
1367 369 1763 427 constringit.

117 443 175 483 90
323 435 583 480 Medulla
614 435 841 480 virtutem
861 436 1008 480 habet
1030 435 1332 481 mediocriter
1353 436 1674 490 malaxantem
1694 438 1903 482 tumores

205 505 255 548 et
287 502 487 547 duritias
525 503 852 548 membrorum.
893 502 1069 547 idcirco
1107 502 1352 550 meliorem
1380 502 1639 548 medullam
1668 502 1907 548 cervinam
1951 515 1988 550 52

205 569 540 626 iudicavimus,
597 569 766 614 exinde
819 568 1061 614 vitulinas.
1118 568 1356 615 hircorum
1399 583 1511 614 vero
1557 571 1608 614 εὴ
1663 571 1908 615 taurorum

206 636 410 681 acriores
442 638 491 680 et
538 635 757 680 sicciores
791 637 912 680 sunt.
961 635 1207 691 denique
1245 635 1491 681 hircinis
1529 635 1804 682 medullis
1836 635 1909 680 ad

206 703 613 769 dysentericos
646 701 863 746 utimur
894 715 1016 745 cum
1048 701 1200 746 sucis
1235 717 1454 760 oryzae.

117 775 172 814 91
324 763 488 814 Meon
519 769 728 813 calidam
746 770 807 813 et
839 767 1014 812 siccam
1043 768 1270 814 virtutem
1292 769 1452 815 habet.
1485 751 1611 817 unde
1642 771 1692 817 et
1722 768 1909 816 urinam

206 838 434 894 provocat
465 838 512 880 et
544 838 798 880 menstrua.
1926 849 1972 881 10

119 907 174 947 92
325 903 703 959 Marathrum,
728 903 855 958 quod
879 902 1148 960 appellatur
1167 902 1438 959 feniculum,
1460 903 1685 948 virtutem
1701 901 1909 956 calidam
1970 911 1983 916 '⁴

207 971 256 1013 et
288 969 461 1013 siccam
490 969 638 1013 habet
669 968 983 1013 mediocriter.
1016 968 1141 1012 unde
1175 971 1224 1012 et
1254 968 1329 1012 lac
1360 971 1558 1025 generat
1587 970 1637 1012 et
1667 970 1908 1013 menstrua

206 1038 434 1093 provocat
473 1038 520 1079 et
558 1035 731 1079 urinas.
783 1034 1011 1079 radices
1044 1048 1177 1078 vero
1217 1034 1406 1091 ipsius
1439 1034 1486 1078 si
1518 1034 1645 1090 quis
1685 1033 1908 1079 coxerit

209 1104 265 1146 et
298 1102 506 1146 deinde
537 1100 981 1156 fomentaverit,
1015 1114 1250 1145 acumen
1283 1100 1577 1144 oculorum
1606 1100 1823 1145 reddet.

123 1173 179 1212 93
330 1168 559 1212 Nitrum
589 1168 816 1213 virtutem
846 1168 994 1211 habet
1026 1166 1200 1211 siccam
1231 1169 1279 1211 et
1310 1180 1494 1211 umores
1529 1166 1773 1223 dispergit.
1933 1180 1976 1213 15

127 1241 184 1280 94
335 1234 598 1278 Narcissi
628 1235 804 1279 herbae
835 1234 973 1278 radix
1004 1234 1229 1278 virtutem
1258 1233 1407 1277 habet
1439 1233 1613 1277 siccam
1642 1232 1693 1276 in
1722 1231 1910 1277 tantum
1953 1274 1958 1277 ,

210 1303 264 1345 ut
310 1300 507 1345 vulnera
553 1300 735 1345 maiora
782 1300 993 1345 recentia
1043 1299 1307 1344 consolidet
1351 1301 1400 1344 et
1439 1301 1688 1344 tenontum
1731 1298 1910 1356 praecii

210 1367 381 1412 siones.
866 1413 871 1418 ,
1739 1396 1744 1402 -

121 1437 177 1477 95
328 1433 503 1488 Nymf
508 1447 536 1476 a
548 1446 643 1477 eae
668 1433 846 1477 herbae
869 1432 1007 1476 radix
1030 1432 1106 1476 vel
1132 1446 1291 1476 semen
1315 1432 1542 1477 virtutem
1565 1433 1714 1477 habet
1738 1431 1910 1476 siccam

209 1502 263 1544 ut
293 1499 486 1543 minime
518 1502 639 1544 urat.
674 1499 887 1544 continet
911 1499 1057 1543 etiam
1086 1499 1266 1543 ventris
1298 1499 1448 1543 fluxus
1482 1501 1531 1543 et
1560 1498 1909 1559 insomn<i>ari
1933 1512 1977 1545 20

210 1566 403 1610 minime
434 1565 684 1622 permittit.
727 1565 862 1610 iuvat
895 1568 943 1610 et
983 1565 1315 1622 dysentericos.
1355 1565 1576 1622 nymfaea
1614 1579 1725 1610 vero
1762 1564 1911 1611 herba

211 1647 332 1689 quae
364 1632 574 1677 radicem
606 1632 768 1676 albam
790 1632 1026 1688 habuerit,
1059 1632 1251 1677 virtutis
1276 1632 1484 1677 fortioris
1510 1634 1595 1683 est,
1629 1633 1678 1676 et
1707 1630 1825 1676 facit
1848 1630 1911 1675 ad

210 1699 493 1756 profluvium
523 1699 749 1756 mulieris,
783 1699 824 1743 si
857 1698 1037 1759 (quis)
1069 1698 1279 1743 radicem
1320 1697 1499 1743 coxerit
1537 1698 1588 1741 in
1624 1696 1735 1742 vino
1773 1696 1909 1753 nigro

211 1765 389 1810 austeri
430 1768 477 1810 et
518 1765 703 1809 dederit
742 1765 997 1823 potionem.
1047 1765 1165 1810 facit
1203 1766 1292 1810 hoc
1331 1764 1477 1809 etiam
1514 1764 1653 1821 nigra
1693 1763 1911 1808 similiter

211 1832 347 1876 radix
379 1832 442 1876 ad
475 1832 794 1888 dysentericos
829 1833 956 1877 data.
1931 1843 1975 1876 25

331 2029 353 2066 1
388 2023 580 2080 frigdor.
615 2023 765 2068 virtus
799 2039 827 2080 q
864 2024 917 2068 G.
952 2026 1008 2079 cf.
1043 2039 1078 2069 c.
1104 2027 1148 2068 8.
1324 2022 1527 2066 colorem
1562 2022 1605 2066 G
1743 2026 1769 2065 2
1803 2035 1911 2066 0011-

209 2083 361 2139 pescit
397 2083 451 2127 G.
591 2088 617 2126 3
651 2083 832 2126 abitam
867 2083 921 2127 G.
1074 2082 1223 2139 ipsius
1259 2083 1362 2138 (sie)
1396 2080 1654 2137 contring&
1688 2081 1731 2124 G
1763 2083 1909 2136 (lac).

211 2147 240 2185 4
270 2141 583 2186 mediocriter.
623 2142 661 2185 &
691 2142 935 2186 malaxant
966 2144 1172 2185 tumores
1209 2141 1263 2186 G.
1417 2145 1442 2183 5
1475 2140 1642 2184 melior
1673 2139 1912 2184 amedulla

214 2200 404 2245 cervina
424 2201 479 2245 G.
574 2207 599 2245 6
632 2198 947 2245 indicavimus
970 2201 1023 2245 G.
1056 2203 1123 2246 sic
1146 2202 1367 2256 interpres
1396 2199 1564 2244 Galem‘
1593 2204 1753 2244 auctor
1783 2201 1910 2256 (καλ-

213 2261 366 2304 λίστου
401 2258 446 2303 δ’
485 2259 746 2316 ἐπειράθην
787 2260 862 2304 ἀεὶ
900 2267 982 2304 τοῦ
1021 2267 1114 2316 τῶν
1162 2256 1349 2315 ἐλάφων
1385 2259 1505 2314 XII,
1531 2260 1651 2315 332).
1691 2259 1771 2302 8οὥ
1811 2257 1912 2303 Ori-

213 2321 368 2364 basius
392 2321 471 2363 lat.
491 2322 677 2376 p.202d
699 2318 864 2362 utilior
895 2321 1054 2363 autem
1075 2319 1317 2375 probatur,
1350 2320 1541 2375 itemque
1570 2318 1655 2361 Th.
1681 2317 1735 2361 de
1758 2317 1914 2361 diaeta

207 2381 408 2435 p.243r1.
545 2384 571 2423 6
602 2378 664 2422 Et
694 2377 804 2422 inde
840 2378 883 2422 G
915 2375 1102 2434 (ἐφεξῆς
1134 2377 1185 2422 δὲ
1222 2377 1358 2434 Gal).
1480 2376 1683 2420 ircorum
1717 2375 1771 2420 G.

217 2442 240 2481 7
260 2436 420 2480 ircinis
443 2437 497 2481 G.
564 2441 590 2480 8
618 2436 938 2481 dissintericos
960 2437 1014 2482 G.
1079 2436 1202 2481 orize
1230 2436 1285 2480 G.
1383 2440 1408 2479 9
1425 2435 1494 2479 De
1518 2448 1669 2479 meon.
1694 2434 1835 2479 Meon
1855 2433 1910 2479 G.

214 2495 351 2539 urina
379 2496 433 2540 G.
581 2500 635 2539 11
667 2496 737 2540 De
768 2498 1039 2540 maratrum.
1073 2496 1333 2539 Maratrum
1367 2495 1421 2539 G.
1551 2493 1822 2537 fenuculum
1855 2492 1910 2538 G.

218 2559 271 2597 12
291 2554 392 2598 ab&
405 2555 458 2599 G.
531 2554 705 2599 lactem
722 2555 904 2599 ienerat
924 2556 978 2600 G.
1060 2554 1476 2610 13—14cf.1)iose.
1550 2557 1605 2596 15
1621 2553 1690 2596 De
1706 2551 1910 2596 mitrum.

213 2612 382 2656 Mitrus
404 2613 466 2657 .G.
564 2619 618 2657 16
650 2614 720 2658 De
751 2613 963 2659 narcissi.
995 2613 1208 2657 Narcissi
1240 2613 1353 2657 erba
1376 2627 1411 2656 r.
1440 2612 1496 2657 G.
1584 2616 1638 2655 17
1664 2613 1717 2655 ut
1742 2625 1824 2656 om.
1854 2611 1908 2655 G.

334 2672 568 2715 consold&
601 2673 639 2715 81
669 2675 804 2717 tenat
834 2672 1119 2729 precitiones
1148 2673 1191 2717 G
1216 2673 1292 2728 (ef.
1330 2672 1470 2727 Gal)
1595 2674 1649 2713 19
1684 2670 1754 2714 De
1785 2669 1910 2714 mffe

214 2729 339 2773 Niffe
372 2730 484 2774 erba
515 2746 550 2775 r.
588 2732 642 2776 G.
768 2737 824 2776 20
859 2732 897 2776 86
926 2747 986 2776 111.
1020 2733 1158 2775 urent
1190 2729 1484 2776 continentia
1514 2745 1557 2774 v.
1590 2729 1634 2774 fl.
1664 2729 1720 2773 G.

217 2788 422 2830 somnari
452 2791 517 2833 sie
551 2792 661 2845 (vid.
699 2790 840 2846 Gal)
1069 2796 1123 2834 21
1156 2789 1281 2834 iub&
1313 2789 1352 2833 81
1383 2788 1718 2833 dissintericos.
1751 2788 1912 2833 deinde

216 2846 380 2889 iterum
416 2849 541 2892 rubr.
580 2847 737 2894 XCVI.
779 2850 849 2893 De
887 2848 1014 2894 ninfi.
1062 2849 1191 2894 Ninfi
1240 2848 1338 2892 iam
1375 2861 1486 2892 vero
1526 2847 1639 2892 erba
1681 2859 1820 2903 quem
1853 2845 1909 2891 G.

218 2908 273 2946 22
306 2904 493 2948 abuerit
526 2906 581 2950 G.
652 2921 657 2925 ·
706 2911 762 2950 23
795 2909 960 2953 addidi
989 2908 1108 2964 quis.
1213 2906 1367 2964 nigri·
1393 2907 1448 2952 G.
