1950 3172
587 67 634 92 *¹4-

189 110 262 166 96
706 107 1027 157 Timonem
1053 80 1357 159 Pmscnm
1410 103 1425 109 ”
1479 107 1481 110 ’

187 252 341 317 positi
377 266 571 316 ungues
609 246 836 316 (curant.
899 255 950 299 et
987 249 1158 315 adipes
1196 249 1356 300 leonis
1392 265 1507 300 cum
1542 249 1798 317 tithymalo

190 325 476 376 cantharide
538 330 588 374 et
648 339 816 373 murra
875 324 995 373 trita
1055 325 1310 374 commixti
1370 325 1593 390 impositi
1651 336 1854 390 ungues

189 405 395 450 mutant.
471 404 585 464 post
624 412 836 462 quorum
874 412 1044 447 casum
1088 403 1146 448 ut
1188 397 1422 448 meliores
1466 404 1664 466 exeant,
1709 398 1914 465 adipes'.

189 473 442 523 hircorum
483 487 596 521 cum
635 471 760 521 lacte
799 473 968 521 asinae
1006 473 1115 521 triti
1153 473 1521 537 imponuntur
1565 474 1757 522 interea
1787 470 1884 523 sub

146 553 167 587 ὃ
189 547 269 597 1116
309 545 539 595 omnibus
586 545 846 595 adiutoriis
892 560 1084 610 ungues
1133 547 1230 611 ipsi
1274 548 1438 611 primo
1477 562 1538 596 ex
1576 548 1686 612 pice
1725 546 1897 612 lique-¹

190 621 317 670 facta
355 621 512 684 ungui
550 619 824 687 debebunt,
873 635 969 684 qua
1007 625 1057 670 et
1096 621 1353 686 superiora
1384 621 1780 688 medicamenta,
1827 626 1884 671 ut
1905 619 1911 623 ’

190 694 412 760 fasciola,
450 695 639 743 muniri
679 699 728 743 et
766 693 1034 758 gubernari
1072 699 1278 759 oportet.
1908 699 1910 701 ’

264 856 449 906 XXXV.
512 856 589 906 De
628 858 872 921 pruritu
910 857 1003 906 vel
1042 856 1246 906 scabie
1285 858 1475 906 totius
1516 859 1806 922 corporis.

103 938 172 991 92
342 945 394 995 Si
447 945 710 995 iuvenibus
763 946 856 995 1106
901 945 1030 995 bene
1076 945 1353 995 valentibus
1401 945 1677 1012 obvenerit,
1731 945 1884 996 flebo·

125 1028 168 1059 10
191 1026 324 1070 tomo
380 1021 520 1084 prius
577 1019 667 1068 sub
730 1021 926 1084 gemina
981 1020 1285 1069 detractione
1348 1019 1740 1070 subveniendum
1794 1025 1947 1070 est.

190 1096 312 1143 item
343 1095 531 1143 ventris
569 1095 887 1158 purgationes
927 1093 1217 1158 frequenter
1253 1095 1550 1158 insequenti.
1577 1093 1882 1144 adhibendae

193 1173 353 1217 erunt.
432 1167 556 1217 cibis
605 1183 720 1216 sane
769 1167 1038 1217 sorbilibus
1086 1174 1135 1217 et
1181 1167 1407 1217 dulcibus
1454 1168 1708 1217 nutriendi
1754 1174 1882 1218 sunt.

190 1241 397 1291 lavacris
430 1241 775 1306 frequentibus
806 1243 883 1291 uti
915 1244 1189 1308 conveniet,
1220 1243 1272 1290 in
1305 1241 1486 1306 quibus
1510 1243 1637 1291 turis
1661 1242 1884 1310 masculi,
1923 1243 1932 1248 ”

193 1316 446 1381 sulphuris
486 1317 606 1382 vivi,
645 1317 766 1365 nitri
803 1315 1007 1381 pulvere
1046 1315 1342 1381 aspergendi
1381 1321 1540 1365 erunt.

190 1502 294 1547 triti
326 1503 373 1546 et
402 1501 612 1559 impositi
643 1502 674 1545 b
699 1511 766 1558 -frr
782 1501 945 1558 adipes
977 1500 1126 1546 leonis
1157 1501 1395 1547 titimallo.
1429 1503 1477 1546 et
1506 1500 1777 1545 cantaridas
1808 1502 1883 1558 (cf.
1941 1496 1950 1554 f'

191 1562 317 1607 Plin.
367 1565 453 1618 30,
498 1564 612 1618 111)
657 1563 703 1605 et
755 1561 898 1605 mii-tu
951 1561 1054 1605 triti
1110 1561 1327 1606 comixto.
1390 1562 1438 1605 et
1482 1559 1660 1618 ipositi.
1722 1573 1882 1618 unges.

190 1622 326 1666 iuvat
364 1623 412 1666 et
448 1622 616 1666 mutat.
677 1620 791 1665 Post
828 1634 1025 1677 quorum
1055 1626 1134 1666 etc.
1167 1623 1236 1677 (ut
1268 1621 1396 1677 Gel.)
1469 1625 1630 1665 contra
1659 1620 1725 1665 sic
1753 1635 1779 1666 r
1809 1620 1885 1677 (cf.

191 1682 255 1726 ad
278 1695 328 1738 p.
365 1684 447 1736 95,
480 1682 554 1737 10)
587 1681 636 1724 et
664 1679 821 1724 nuclei
850 1679 988 1739 pinep²
1019 1679 1210 1737 purgati
1242 1681 1289 1724 et
1317 1678 1421 1724 triti
1459 1677 1669 1736 impositi
1707 1680 1884 1724 curant.

193 1739 528 1784 subomnibus
561 1738 808 1784 adiutoriis
839 1746 917 1784 etc.
951 1754 1065 1797 quae
1094 1754 1180 1796 seq.
1212 1754 1251 1785 v.
1276 1743 1410 1785 4—7.
1924 1755 1928 1798 j

315 1804 343 1841 4
375 1800 424 1842 et
456 1798 669 1855 (interea)
702 1800 808 1844 add.
846 1798 940 1843 Gez.
1071 1803 1098 1842 5
1130 1798 1224 1856 ipsi
1256 1799 1357 1844 bB:
1390 1812 1471 1843 om.
1509 1798 1606 1843 Gel.
1699 1811 1756 1841 ex
1785 1797 1886 1842 rBz
1922 1837 1928 1851 2

192 1872 275 1904 om.
311 1859 336 1902 b
357 1858 453 1903 Gel.
577 1864 602 1901 6
629 1857 869 1901 debebunt
890 1873 916 1903 r
934 1858 1052 1903 Gela
1087 1857 1292 1902 debeant
1323 1857 1531 1914 (—bant)
1556 1859 1596 1912 b,
1630 1855 1804 1901 debent
1825 1857 1884 1903 B.

193 1931 287 1973 qua
315 1916 432 1962 G'el.:
459 1930 550 1972 quo
578 1918 616 1972 b,
644 1931 759 1972 quos
783 1917 876 1962 rB.
968 1918 1017 1960 et
1041 1918 1066 1960 b
1086 1917 1205 1962 Gel.:
1230 1931 1313 1962 om.
1330 1918 1389 1962 B.
1452 1917 1524 1959 ut:
1558 1918 1606 1960 et
1626 1917 1688 1961 rb
1711 1916 1883 1962 Getis.

195 1980 220 2019 7
252 1974 425 2019 muniri
449 1978 497 2020 et
527 1975 779 2033 gubernari
801 1978 876 2032 (sc.
903 1975 1156 2032 debebunt)
1184 1976 1302 2021 Geb:
1334 1975 1516 2019 munire
1547 1977 1595 2019 et
1624 1974 1902 2032 gubernare,

194 2034 435 2079 debebunt
450 2035 543 2091 ΥΒ,
564 2034 746 2078 1111111116
764 2036 811 2079 et
825 2035 1087 2092 gubernare
1111 2036 1296 2091 oportet
1313 2036 1339 2078 b
1356 2036 1425 2090 (ut
1447 2036 1583 2079 etiam
1598 2047 1711 2079 corr.
1731 2034 1883 2091 Nem).

191 2096 288 2139 iam
311 2095 465 2138 aliena
488 2095 726 2138 adduntur
741 2095 793 2138 in
818 2095 843 2139 b
865 2095 968 2151 (per
989 2107 1144 2139 versus
1161 2096 1228 2150 6):
1250 2093 1301 2136 in
1324 2092 1481 2137 calida
1498 2094 1726 2148 quantum
1748 2094 1884 2149 potes
1919 2109 1923 2112 ·

191 2153 312 2197 ferre
331 2152 604 2209 ...Adipem
628 2152 870 2209 caprinum
894 2152 1058 2198 solum.
1090 2152 1167 2196 vel
1191 2166 1296 2196 611111
1325 2152 1585 2196 sandaraca
1607 2151 1807 2196 mixtum
1837 2153 1884 2196 et
1922 2203 1923 2206 Ἰ

192 2212 465 2269 impositum
503 2225 683 2270 ungues
715 2212 877 2268 ruptos
908 2211 939 2257 i.
973 2211 1210 2256 scabiosos
1242 2225 1408 2255 sanare
1441 2212 1618 2256 certum
1650 2213 1722 2255 est
1748 2212 1886 2268 (wnde

192 2273 352 2328 mbr).
406 2285 531 2316 nunc
561 2272 659 2316 alia
688 2272 834 2315 multa
869 2272 1214 2329 subiunyuntur
1244 2272 1354 2315 irc-b
1387 2272 1703 2316 additamenta
1740 2271 1885 2326 (rubr.

194 2332 352 2386 deleta,
370 2345 483 2388 quae
498 2336 650 2375 tamen
672 2335 798 2375 extat
813 2331 865 2374 in
880 2331 919 2386 6)
944 2331 1023 2375 Ad
1039 2331 1312 2388 podayram,
1335 2331 1498 2375 deinde
1515 2331 1588 2387 (cf.
1608 2330 1683 2374 Ps.
1701 2329 1831 2374 Plin.
1847 2329 1884 2384 f.

195 2387 281 2435 691³
297 2390 428 2446 Bas.)
445 2389 524 2434 Ad
539 2390 661 2434 ‘noda
676 2389 890 2434 solvenda
906 2390 958 2433 de
974 2390 1187 2434 manibus
1203 2390 1294 2434 sive
1303 2390 1512 2446 pedibus.
1544 2388 1764 2433 Bitumen
1779 2401 1885 2432 cum

195 2449 421 2494 oleo...et
452 2448 610 2492 omnia
639 2448 766 2492 noda
789 2448 1010 2493 exsolvet.
1042 2449 1133 2504 (hic
1162 2450 1259 2493 sine
1290 2450 1437 2503 rubr„
1471 2462 1585 2505 quae
1614 2453 1766 2493 tamen
1795 2461 1885 2492 ser-

192 2514 302 2553 vata
333 2509 470 2553 estin
501 2522 524 2552 6
546 2508 615 2552 De
638 2507 820 2564 pruritu
852 2508 899 2551 et
931 2506 1089 2551 scabie
1119 2508 1153 2550 t.
1187 2521 1223 2552 c.
1257 2508 1313 2563 cf.
1345 2508 1441 2552 ind.
1477 2509 1503 2553 b
1521 2533 1574 2539 —
1592 2507 1668 2551 sed
1699 2521 1729 2551 a
1765 2519 1887 2552 nova

195 2568 317 2612 linea
348 2568 454 2612 add.
489 2582 603 2624 quae
633 2572 741 2612 swnt
770 2567 967 2624 capituli
997 2567 1240 2623 XXXV.).
1371 2571 1397 2610 8
1429 2567 1563 2611 titulo
1593 2566 1698 2610 add.
1732 2565 1778 2609 B
1808 2563 1887 2610 vel

194 2625 338 2669 variis
377 2626 575 2670 maculis
614 2626 664 2669 in
703 2639 905 2683 corpore.
937 2625 1120 2670 XXXII.
1154 2626 1246 2681 (sed
1275 2626 1350 2671 hie
1387 2631 1452 2670 est
1488 2626 1650 2670 titulus
1689 2624 1886 2681 capiwli

194 2699 282 2741 seq.
308 2686 428 2742 quod
450 2687 503 2729 in
525 2687 571 2729 B
594 2687 710 2730 male
733 2687 816 2731 sub
841 2686 967 2730 rubr.
1001 2684 1058 2728 de
1082 2683 1373 2729 elefantiosis
1398 2690 1439 2729 et
1460 2685 1599 2730 huius
1622 2685 1755 2741 quasi
1769 2696 1885 2740 par-

194 2744 338 2788 ticula
355 2746 513 2800 prima
528 2746 754 2801 ponitur).
840 2748 895 2788 10
928 2743 1014 2788 sub
1045 2743 1180 2789 rbB:
1210 2757 1296 2788 om.
1333 2744 1429 2789 Gel.
1513 2741 1795 2787 retractione
1823 2741 1886 2787 B.

197 2806 249 2845 11
268 2802 423 2845 ventri
438 2818 474 2847 r.
552 2802 955 2860 insequenti(——di
977 2804 1018 2860 r)
1035 2803 1134 2848 rB:
1159 2817 1242 2848 om.
1261 2804 1287 2847 b
1307 2803 1438 2859 Gal).
1515 2806 1568 2846 12
1594 2814 1707 2846 sane
1722 2816 1748 2846 r
1765 2800 1885 2847 Get:

194 2859 335 2916 plane
352 2862 398 2904 B
415 2863 514 2918 (om.
549 2863 605 2919 b).
729 2864 776 2906 et
807 2862 1022 2907 dulcibus
1047 2863 1108 2907 rb
1128 2862 1246 2908 Gel.:
1279 2876 1361 2907 om.
1394 2862 1453 2906 B.
1561 2865 1614 2905 13
1639 2858 1903 2905 conveniet

194 2920 242 2963 B
257 2920 375 2966 Geb:
402 2920 530 2964 —nit
548 2922 620 2966 br.
698 2921 898 2966 masculi
914 2935 997 2969 om.
1019 2920 1114 2968 Gel.
1196 2925 1249 2966 14
1265 2919 1458 2978 pulvere
1481 2920 1618 2966 er:
1636 2932 1767 2964 —res
1786 2916 1899 2966 aaz..
