1988 3184
190 158 312 212 ‘366
493 131 496 134 ⁴
580 155 1042 202 Ammo‘rfflmn
1070 154 1520 199 nnumnnsn.

201 299 254 346 in
291 298 405 345 vino
444 309 580 344 mero
619 296 673 342 in
709 292 885 342 balneo
917 294 971 340 in
1003 292 1198 341 sabanis
1239 291 1431 341 sedenti
1463 291 1640 342 bibere
1667 291 1888 344 ieiunae.
1915 291 1940 338 ‘a'

203 372 245 419 si
283 371 391 434 ipsa
431 369 510 417 die
550 366 626 415 vel
665 372 809 415 nocte
847 371 977 414 tacta
1015 366 1166 414 fuerit
1204 381 1231 415 a
1268 367 1390 432 vire,
1430 368 1688 431 concipiet.

348 441 427 490 Ad
468 446 821 504 conceptum
860 441 1267 503 experimentum.
1321 439 1532 489 nardum
1578 442 1801 490 asianum
1839 446 1890 490 et
1961 486 1967 503 ἱ

199 530 343 564 uvam
389 529 585 579 passam
639 515 873 562 creticam
918 527 1107 579 veram,
1160 513 1395 578 purgabis
1447 520 1504 563 ut
1547 513 1691 563 tollas
1738 529 1889 579 grana
1965 529 1969 578 g

201 603 323 652 quae
369 587 538 654 habet,
585 593 634 635 61
678 602 875 635 murrae
914 586 1268 651 troglodyticae
1314 587 1576 637 modicum.
1615 590 1737 637 teris
1777 587 1886 637 dili·
1929 587 1969 633 δὲ

200 666 372 726 genter
394 675 532 709 more
558 659 762 724 collyrii.
798 661 868 709 sic
885 661 1027 708 enim
1049 660 1297 725 probabiS.
1337 661 1396 709 ad
1422 667 1640 711 rostrum
1672 660 1887 726 applicas
1973 710 1976 715 ,

200 742 248 783 61
293 734 421 783 labia
466 734 581 782 inde
629 734 790 783 fricas,
849 735 891 782 si
938 733 1080 783 dulce
1128 740 1224 800 est,
1272 736 1344 783 sic
1389 734 1568 783 mulier
1612 741 1791 784 utatur.
1843 737 1887 784 si
1972 771 1975 773 Α

199 823 312 856 vero
343 823 578 873 amarum,
617 807 830 872 adauges
868 822 1012 856 uvam
1050 823 1268 874 passam,
1308 814 1356 857 et
1387 810 1440 856 in
1469 808 1579 857 lana
1609 811 1886 873 pessarium

198 882 381 930 factum
429 896 678 946 suppones
725 896 815 945 per
855 881 961 929 dies
1000 880 1146 930 XXX.
1197 883 1345 930 etiam
1385 884 1428 930 si
1468 884 1587 931 stira
1627 888 1723 948 est,
1770 897 1885 931 con-

198 957 330 1019 cipit.
387 961 436 1003 et
480 956 668 1019 pariter
711 970 1062 1019 praeparamus
1114 971 1204 1019 par
1250 957 1368 1004 viro,
1424 961 1586 1004 rutam
1641 961 1885 1020 agrestem
1912 967 1952 999 ιο

196 1035 301 1077 tere
350 1034 399 1077 et
445 1028 559 1077 inde
606 1034 856 1077 veretrum
902 1028 1014 1094 lini,
1070 1031 1236 1077 statim
1290 1029 1566 1078 excalescit.
1624 1035 1795 1094 postea
1842 1031 1885 1078 si

196 1117 296 1150 non
326 1104 607 1166 pausaverit
633 1104 817 1150 veretri
846 1105 1065 1168 tensum,
1095 1102 1228 1151 idem
1258 1109 1508 1151 veretrum
1541 1103 1647 1152 oleo
1679 1118 1883 1167 ungues,

146 1172 180 1224 6
344 1175 594 1240 Inguina
642 1177 684 1224 si
732 1191 758 1224 a
809 1175 994 1224 caballo
1043 1175 1313 1243 doluerint,
1375 1176 1482 1225 oleo
1537 1179 1727 1226 rosacio
1777 1182 1883 1226 tan-

197 1255 380 1312 guntur
419 1251 471 1297 in
508 1248 683 1298 balneo
725 1254 773 1297 et
812 1255 949 1298 extra
979 1248 1224 1298 balneum.
1266 1252 1309 1298 si
1348 1256 1511 1299 autem
1551 1266 1663 1299 cum
1701 1250 1883 1300 rubore

196 1324 348 1370 nimio
390 1328 473 1371 aut
510 1328 685 1371 ustura
723 1323 930 1389 fuerint,
978 1339 1090 1372 cum
1130 1339 1332 1372 cerussa
1370 1326 1612 1388 permixta
1650 1324 1881 1373 linantur.
1907 1335 1950 1368 15

148 1392 175 1442 7
344 1396 423 1444 Ad
469 1398 806 1461 perniones,
863 1396 1056 1445 alumen
1113 1399 1324 1446 scissum
1370 1399 1422 1446 in
1475 1404 1614 1447 aceto
1662 1401 1764 1447 acri
1808 1400 1882 1446 111-

197 1469 363 1518 fundis
403 1476 451 1518 et
489 1476 602 1534 post
641 1470 773 1518 diem
813 1469 1019 1534 agitabis
1054 1476 1102 1519 et
1140 1472 1193 1518 in
1231 1471 1356 1535 pede
1389 1487 1670 1535 perungues
1704 1470 1776 1534 [id
1808 1478 1883 1520 est

195 1542 376 1605 linies}

146 1612 176 1663 8
343 1617 422 1664 Ad
462 1616 812 1670 lumbricos„
845 1619 898 1665 in
938 1617 1083 1682 ollam
1122 1617 1323 1666 fictilem
1362 1620 1517 1667 mittis
1552 1625 1768 1668 mentam
1799 1635 1881 1668 us-

197 1704 290 1752 que
333 1690 391 1738 ad
431 1690 641 1756 mediaS,
688 1696 738 1738 et
776 1690 990 1754 desuper
1028 1693 1182 1740 micas
1228 1706 1387 1755 usque
1427 1692 1487 1740 ad
1528 1708 1784 1742 summum.
1833 1698 1882 1741 et
1904 1704 1948 1735 20

195 1762 423 1830 implebis
477 1765 635 1828 ipsam
691 1763 836 1813 ollam
890 1779 1035 1830 aqua,
1090 1770 1138 1813 et
1185 1764 1430 1829 decoques
1481 1768 1657 1815 omnia.
1709 1766 1880 1815 hibere

195 1835 333 1884 dabis
365 1836 566 1885 habenti
598 1836 866 1886 lumbricos
898 1839 1078 1887 ieiuno,
1121 1853 1291 1887 omnes
1323 1855 1413 1903 per
1443 1840 1678 1888 inferiora
1710 1842 1879 1905 egerit.

145 1906 176 1956 9
343 1910 421 1958 Ad
476 1916 781 1959 menstrua
835 1910 1077 1960 mulieri
1129 1913 1517 1976 provocanda.
1580 1920 1718 1962 rutae
1774 1916 1880 1962 suc-i

196 1988 386 2045 cyatum
427 1999 582 2033 unum
622 1984 910 2033 calefactum
950 1987 1115 2034 ieiuna
1154 1985 1303 2034 bibat.
1351 1986 1528 2034 fortius
1567 1992 1730 2035 autem
1763 2002 1878 2051 pro-

193 2062 355 2121 vocat,
403 2059 444 2105 si
491 2059 657 2106 ieiuna
703 2058 891 2106 levetur
939 2064 988 2107 et
1028 2061 1099 2107 sic
1143 2058 1347 2125 biberit,
1401 2065 1513 2108 ante
1558 2066 1724 2108 tamen
1772 2062 1876 2109 sine
1902 2069 1945 2103 25

192 2127 366 2177 balneo
400 2133 621 2195 accipiat.
663 2133 863 2195 sanguis
897 2133 939 2179 si
969 2132 1117 2180 huius
1150 2148 1350 2181 currere
1384 2135 1616 2199 coeperit,
1653 2134 1877 2183 surculos

193 2202 349 2264 ipsius
389 2209 543 2270 rutae,
583 2205 642 2252 de
676 2207 817 2253 cuius
850 2204 981 2254 foliis
1022 2220 1169 2254 sucus
1203 2221 1467 2270 expressus
1499 2212 1588 2273 est,
1629 2209 1682 2255 in
1712 2209 1879 2271 ignem

192 2276 368 2340 mittat,
408 2283 456 2325 61
496 2280 695 2341 sanguis
736 2293 787 2326 se
829 2280 1040 2342 stringit.

107 2345 176 2396 10
339 2348 536 2398 Potio
585 2351 658 2399 ad
705 2351 895 2400 luem.
960 2354 1238 2401 cucumeris
1294 2353 1501 2402 silvatici
1553 2354 1770 2402 radicem
1817 2354 1875 2402 ad

194 2427 428 2483 quantum
466 2423 699 2472 habueris
738 2426 894 2473 mittis
933 2427 985 2474 in
1016 2427 1306 2474 mortarium
1345 2432 1394 2474 61
1431 2428 1553 2475 16115
1593 2443 1705 2475 611111
1743 2426 1873 2475 foliis
1898 2438 1943 2471 30

311 2536 333 2597 1
357 2547 495 2597 ‚mero
519 2534 580 2579 Β.
666 2534 852 2581 ieiunae
884 2538 949 2581 sie
971 2538 1028 2582 Β.
1121 2542 1149 2580 4
1179 2551 1341 2595 veram
1367 2540 1470 2593 (sic)
1496 2538 1553 2581 Β.
1648 2542 1674 2580 5
1702 2537 1873 2582 min-ae

189 2589 392 2654 trochtis
425 2592 484 2636 Β.
669 2598 694 2636 9
720 2601 826 2652 post
856 2595 1035 2640 factum
1065 2597 1186 2641 inter
1216 2598 1297 2640 lin.
1330 2598 1436 2641 add.
1469 2610 1582 2641 corr.
1616 2597 1664 2639 et
1693 2597 1752 2640 B.

193 2660 313 2690 scira
343 2649 389 2692 Β
422 2651 591 2706 (στεῖρα
623 2653 723 2708 ed).
895 2660 949 2699 10
979 2669 1067 2711 par
1096 2656 1161 2700 sic
1191 2656 1285 2699 cod.
1321 2659 1424 2710 (om.
1457 2657 1560 2710 ed.).
1714 2659 1767 2698 13
1799 2668 1873 2698 ro-

193 2718 328 2748 saceo
359 2708 418 2751 Β.
542 2713 597 2752 15
629 2712 805 2755 66111116
836 2715 965 2769 (siat)
998 2715 1045 2757 Β
1079 2717 1212 2769 (corr.
1237 2715 1340 2770 ed).
1473 2719 1526 2758 17
1557 2713 1609 2756 id
1633 2715 1705 2758 est
1734 2713 1872 2757 linies

192 2765 344 2817 (quasi
374 2766 584 2821 ylossam)
617 2782 700 2813 om.
733 2772 797 2814 ed.
936 2777 993 2816 20
1024 2772 1172 2816 micas
1205 2773 1308 2828 (sic)
1338 2773 1385 2816 Β
1417 2771 1632 2830 (myricas
1663 2774 1762 2829 ed.).
1795 2786 1872 2828 cy-

193 2820 375 2865 athum:
408 2825 473 2868 sic
502 2838 672 2881 semper
705 2830 776 2882 (ut
807 2831 930 2874 docte
959 2832 1087 2887 solet)
1121 2831 1180 2875 Β.
1237 2855 1239 2857 -
1303 2835 1359 2875 25
1383 2831 1566 2876 levetur
1594 2832 1642 2875 Β
1673 2830 1874 2887 (lavetur

191 2879 289 2934 661).
412 2883 664 2937 antequam
693 2885 916 2931 balneum
947 2889 1093 2933 intret
1123 2904 1236 2935 corr.
1269 2892 1337 2935 ed.
1445 2896 1500 2935 26
1534 2889 1743 2934 surculus
1777 2890 1873 2946 (sed

193 2949 219 2978 ο
251 2950 307 2980 ex
336 2951 367 2980 u
397 2943 532 2994 corr.)
565 2942 622 2984 Β.
746 2948 800 2989 29
834 2946 896 2988 ad
929 2950 992 3002 (q.
1025 2950 1108 3003 sic)
1141 2950 1189 2992 Β
1220 2962 1303 2994 om.
1337 2951 1402 2994 ed.
