1950 3172
482 131 861 174 EUPORISTON
889 130 1317 175 FAENOMENON.
1673 128 1746 181 43

61 267 438 325 meustarum
491 268 616 316 ciuis
661 266 783 317 locis
829 268 1082 332 appositus
1128 267 1302 317 eodem
1346 266 1492 316 modo
1539 266 1746 316 curabit.

10 380 11 394 2
64 335 121 392 &t
165 340 543 391 chamaeleontis
589 339 770 390 herbae
816 340 932 390 folia
979 342 1109 390 sicca
1153 341 1269 390 trita
1314 341 1366 389 in
1404 339 1657 404 pulverem
1697 346 1747 389 et

3 429 10 488 ι
67 417 334 465 commixta
373 415 599 478 sanguini
635 429 866 463 ranarum
904 414 1136 463 viridium
1173 419 1286 479 post
1323 413 1628 463 evulsionem
1667 429 1746 463 ca-

3 490 10 540 r]
68 487 299 553 pillorum
349 502 440 552 pro
494 486 694 551 collyrio
748 489 1080 552 inunguimuS.
1157 493 1207 536 et
1255 487 1321 537 fel
1365 486 1537 536 beluae
1585 486 1745 536 solum

64 561 296 611 similiter
334 565 577 626 operatur.
1789 567 1809 599 5

215 633 517 698 stafylomata
556 648 671 682 vero
680 673 695 701 7
743 648 952 698 quorum
991 636 1044 683 in
1082 634 1282 684 modum
1319 649 1440 683 uvae
1482 636 1745 700 crepantis,

4 756 8 763 ,
67 708 249 773 prioris
278 708 472 756 tunicae
503 709 666 755 tumor
698 706 898 771 quidam
930 709 1158 773 erumpit,
1185 709 1256 757 sic
1281 707 1493 757 curabis.
1550 707 1746 758 alumen

2 773 8 841 ἑ
65 782 274 831 scissum
320 780 416 828 teri
468 779 617 828 facies
665 779 926 843 diligenter
973 787 1021 830 et
1071 781 1239 845 adipes
1288 783 1546 830 anserinos
1593 781 1744 831 admi-

2 873 9 904 ε
61 853 226 903 scebis
280 858 329 901 et
381 853 536 901 uteris
588 867 678 917 pro
733 852 948 917 collyrio,
1035 869 1148 903 nam
1202 860 1251 903 et
1303 854 1438 903 melli
1493 857 1746 904 commixti

5 927 7 930 ’
61 925 232 991 adipes
272 924 541 990 supradicti
580 925 883 990 stafylomata
921 929 1196 991 repriment
1228 927 1503 991 diligenter.
1572 934 1620 978 et
1653 928 1745 978 soli
1770 934 1811 967 1⁰

6 1056 7 1059 Ἴ
64 999 230 1064 adipes
268 998 393 1048 bene
433 998 580 1047 colati
618 1000 686 1048 ita
726 1000 984 1050 sufficient.
1323 1018 1327 1023 ’

495 1175 615 1224 ΧΙΙΙ.
678 1175 752 1224 De
792 1178 1022 1226 narium
1061 1178 1297 1227 morbis,
1761 1168 1832 1220 42

0 1253 5 1328 ᾗ
211 1262 414 1312 Ozaenis
453 1269 501 1312 et
540 1263 731 1328 polypis
771 1279 868 1313 uno
910 1265 1180 1330 eodemque
1221 1267 1366 1316 modo
1403 1283 1521 1317 cura
1555 1275 1630 1317 est
1662 1269 1744 1317 ad-

0 1362 5 1391 3¹
63 1334 293 1402 hibenda,
341 1337 722 1401 constringendo
773 1339 843 1386 sio
882 1341 1022 1402 prius
1063 1340 1281 1389 detonsis
1322 1341 1511 1405 capillis
1551 1357 1744 1391 reuma-

60 1409 281 1475 tismum,
342 1416 453 1475 post
507 1426 730 1459 rasuram
782 1427 897 1460 vero
961 1413 1281 1477 emplastrum
1336 1415 1414 1463 dia
1468 1417 1602 1464 iteon
1662 1423 1743 1465 aut
1771 1417 1811 1450 1⁵

59 1481 316 1549 barbaram
355 1484 672 1548 imponendo,
750 1499 862 1532 nam
911 1491 960 1533 et
1008 1486 1067 1534 de
1116 1487 1295 1536 cocleis
1334 1488 1426 1536 hoc
1468 1488 1627 1537 simile
1669 1496 1744 1538 est

181 1688 202 1725 1
238 1682 420 1726 curavit
453 1683 548 1727 Get.
581 1682 728 1739 (—bit
758 1685 866 1741 rB).
1049 1690 1073 1727 2
1112 1686 1382 1731 camelesitis
1416 1690 1561 1744 (—-tes
1595 1692 1635 1745 r)
1669 1691 1742 1745 rb,

64 1741 369 1785 anicoleontis
403 1743 498 1797 (sic)
531 1743 589 1786 Β.
792 1747 817 1785 3
851 1743 1068 1801 sanguini
1100 1746 1165 1790 B:
1200 1760 1314 1790 —ne
1346 1762 1371 1791 r
1392 1748 1485 1792 Gel.
1638 1750 1746 1804 post

61 1799 346 1844 evulsionem
377 1803 436 1845 rb
456 1800 574 1846 &etz
604 1803 712 1857 post
741 1801 862 1844 hanc
893 1803 1160 1848 unctionem
1191 1806 1249 1850 Β.
1468 1812 1496 1849 4
1527 1808 1744 1864 et—ope·

3 1892 5 1894 ,
61 1860 191 1902 ratur
220 1862 303 1903 om.
341 1860 435 1903 Get.
586 1859 723 1918 belue
757 1862 798 1915 b,
821 1860 950 1905 belui
980 1877 1025 1906 r:
1058 1862 1211 1919 vulpis
1244 1865 1302 1908 B.
1459 1865 1610 1908 solum
1642 1867 1743 1911 bB:

65 1916 132 1961 sic
161 1933 198 1962 r.
379 1922 405 1960 5
438 1919 655 1974 operatur
685 1920 765 1964 rb:
798 1933 880 1964 om.
914 1921 972 1965 Β.
1179 1926 1204 1965 6
1239 1922 1526 1967 stafilomata
1556 1925 1682 1969 Brb.

2 2008 4 2010 »
63 1989 259 2031 quorum
290 1977 335 2019 Β
354 1977 471 2022 Θεῐ.;
506 1990 702 2032 quarum
731 1979 804 2022 rb.
937 1986 960 2023 7
992 1980 1177 2025 tonicae
1207 1982 1362 2025 tumor
1391 1983 1450 2039 B,
1483 1983 1640 2041 tunice
1672 1985 1744 2027 tu-

0 2059 4 2078 .
62 2048 163 2078 mor
192 2037 251 2080 rb
286 2034 412 2090 (Sim.
448 2037 596 2092 Ian.):
634 2035 820 2081 tunicae
850 2037 1015 2082 humor
1041 2039 1166 2090 Get...
1318 2041 1511 2096 quidam
1542 2042 1745 2099 erumpit

1 2132 5 2137 .
62 2093 109 2137 Β
128 2093 246 2138 Get:
281 2093 466 2138 existat.
500 2094 594 2149 §du
630 2100 743 2151 erup
775 2097 813 2150 b,
847 2096 1074 2142 exsistans
1107 2098 1300 2154 quidam
1332 2101 1534 2158 erumpit
1565 2117 1601 2146 r.

0 2167 2 2183 {
64 2154 92 2194 8
125 2151 352 2196 admisces
384 2153 429 2195 Β
461 2152 664 2208 (amiscis
696 2156 787 2211 rb),
820 2169 929 2199 —ce
963 2156 1058 2202 Gel.
1288 2163 1343 2202 10
1376 2159 1635 2216 supradicti
1663 2162 1744 2205 Bb

0 2213 3 2249 ἱ
62 2210 318 2266 (adipibus)
368 2211 649 2267 supradictis
680 2228 725 2257 r:
773 2214 879 2257 —ta
920 2215 1015 2260 Get.
1077 2216 1182 2266 fort.
1232 2218 1311 2275 leq.
1360 2220 1408 2262 et
1445 2218 1576 2263 melli
1623 2233 1744 2263 com-

0 2279 3 2308 :
64 2267 223 2312 mixtis
256 2269 474 2326 adipibus
507 2271 798 2326 supradietis.
918 2287 1036 2331 repr.
1071 2274 1321 2332 diligenter
1345 2279 1441 2334 (sic)
1475 2279 1500 2322 b
1520 2279 1642 2323 Gelzx
1676 2278 1745 2321 di-

0 2338 3 2385 g
66 2326 268 2385 ligenter
298 2329 462 2371 curant
491 2329 582 2373 rB.
822 2336 874 2374 11
915 2331 985 2376 ita
1016 2332 1249 2377 sufficient
1279 2336 1356 2379 rB
1378 2336 1496 2381 Gel.:
1536 2336 1605 2379 ita
1638 2337 1744 2380 sub-

0 2404 1 2427 ÷
63 2385 258 2430 veniunt
288 2388 328 2431 b.
500 2391 553 2430 12
586 2388 652 2431 De
684 2389 867 2433 narium
897 2392 1070 2436 morbis
1102 2391 1187 2436 XII
1217 2394 1262 2436 Β
1295 2395 1407 2449 (sine
1437 2409 1622 2439 numero
1653 2397 1743 2452 rb).

0 2429 2 2505 ξ
62 2445 119 2497 cf.
155 2460 218 2501 qr.
245 2459 293 2501 p.
320 2448 411 2490 336
442 2451 484 2489 et
512 2445 630 2490 Casa
665 2447 754 2492 Fez
798 2463 833 2493 c.
860 2453 930 2494 31.
1099 2455 1153 2494 13
1186 2465 1296 2518 cura
1327 2454 1399 2496 est
1430 2467 1470 2497 a.
1505 2454 1584 2519 Bb
1617 2455 1746 2520 (cura

0 2516 3 2639 ξ
60 2505 819 2626 {535⁸ss‘031331‘53323132553‘3213
850 2566 916 2622 Β,
961 2510 1475 2625 ἕοῖεῗᾙξῗέἕέξῗὲἒῗ
1503 2511 1742 2626 {3235}ss

0 2641 4 2687 ᾖ
57 2620 204 2664 tonsis
246 2621 414 2678 capitis
460 2623 764 2667 reumatismsi
805 2624 923 2670 Get:
972 2626 1330 2684 constringendo
1371 2628 1450 2674 sic.
1490 2628 1622 2673 Prius
1667 2631 1743 2674 de-

0 2691 5 2722 ἰ-
57 2679 213 2724 tunsio
231 2680 400 2737 capitis
425 2681 753 2726 reumatismus
778 2697 803 2726 r
819 2684 891 2739 (cf.
911 2685 936 2728 b
962 2683 1040 2729 sic.
1079 2685 1213 2729 Prius
1238 2686 1408 2744 capitis
1439 2688 1744 2733 reumatismi‘i

58 2738 448 2796 constringendo).
663 2745 716 2784 15
748 2743 856 2798 post
887 2757 920 2787 r.
955 2757 1063 2787 vero
1095 2745 1201 2788 rB:
1234 2747 1282 2789 et
1311 2748 1419 2803 post
1449 2762 1483 2791 r.
1519 2749 1543 2791 b
1566 2748 1660 2792 θεῖ.

58 2795 269 2842 dialteon
299 2799 345 2841 Β
364 2798 459 2843 Gel.
495 2798 593 2855 (dia
626 2799 780 2844 citeon
811 2802 851 2857 b,
885 2801 965 2845 dia
995 2801 1157 2847 itheon
1187 2807 1239 2861 r).
1406 2810 1460 2848 16
1491 2806 1745 2850 barbaram

34 2854 332 2901 winducendo.
372 2870 483 2900 nam
522 2859 570 2901 et
605 2859 717 2914 ὕει,
755 2859 959 2904 barbara
998 2862 1248 2918 iponendfi.
1296 2865 1344 2907 et
1376 2865 1421 2910 b:
1461 2864 1742 2910 barbaranu.

17 2912 116 2987 ,Et
140 2917 220 2972 (sie
245 2937 300 2952 =
324 2915 539 2961 barbara.
571 2931 683 2960 nam
707 2919 755 2962 et
778 2921 817 2974 r)
843 2919 935 2964 rB.
1027 2920 1114 2964 hoc
1137 2922 1216 2966 rB
1233 2922 1350 2968 Gela
1375 2922 1458 2966 hui
1483 2925 1581 2980 (sic)
1615 2926 1652 2968 b.

8 3029 31 3070 ,⁶2

31 3118 46 3142 ιι
