1988 3184
718 153 1167 196 ΑΒΒῙΤΑΜΕΝΤΑ.
1674 150 1782 203 323

35 263 325 348 ¹⁶²”<curat>.
371 286 426 329 ut
456 283 825 342 experimentum
854 282 1052 339 habeas,
1091 282 1297 340 porcello
1330 283 1391 326 da
1423 282 1590 327 exinde
1621 281 1784 327 bibere

8 347 39 412 ᾗ·
103 356 152 398 et
183 351 343 398 occide
374 365 481 395 eum
519 353 567 394 et
605 350 813 407 splenem
844 348 889 393 ei
917 362 1013 392 non
1049 348 1272 394 invenies,
1312 348 1401 393 hoc
1437 362 1521 405 per
1559 348 1783 393 triduum.

102 418 262 464 salicis
294 430 533 474 cymarum
563 415 789 460 faciculos
812 415 878 458 111
911 414 1140 470 decoques
1171 415 1222 458 in
1251 416 1385 474 {aqua
1417 414 1479 458 ad
1509 413 1697 470 tertias,
1737 415 1786 458 et

0 480 31 546 ,ζ
104 484 269 529 diebus
301 483 344 527 V
373 482 508 540 potui
540 481 675 526 dabis
716 481 910 525 calicem
938 480 1129 537 plenum
1161 480 1390 524 diurnum.
1427 479 1654 524 radicitus
1680 493 1786 524 eum

104 550 264 605 siccat,
298 549 380 592 sed
409 550 518 605 post
546 561 642 591 non
671 546 959 604 gravabitur,
988 548 994 603 Ι
1025 549 1085 603 (p.
1101 550 1210 602 113)
1237 546 1358 590 sicut
1390 560 1530 603 supra
1563 545 1787 603 scriptum
1831 558 1854 592 5

105 619 178 661 est
215 617 304 660 hac
341 614 533 672 potione
571 613 641 658 ita
679 611 1061 669 experimentata.
1110 613 1284 656 herbae
1332 611 1604 668 cyclaminis
1651 611 1787 656 radix

16 678 17 683 ’
105 682 228 727 60110
267 694 490 738 suspensa
529 682 577 724 et
622 692 760 735 super
799 677 1035 736 splenem}u
1048 679 1105 722 de
1145 677 1343 722 fasciola
1384 677 1536 734 ligata
1580 678 1785 734 prodest.

104 748 310 793 vesicam
339 746 618 791 bubulinam
649 745 747 789 sive
777 743 1020 800 porcinam
1050 745 1183 787 aceto
1224 743 1448 788 acerrimo
1488 742 1707 799 implebis
1740 743 1789 786 et

104 814 309 858 calidam
339 812 491 870 spleni
521 812 745 867 impones.
792 809 994 853 cinerem
1025 822 1081 852 ex
1120 823 1244 864 aqua
1284 823 1538 866 consperge
1571 811 1619 853 et
1651 821 1788 864 super

104 879 313 936 splenem
356 878 482 922 horis
535 878 715 921 duabus
761 875 961 932 impone.
1011 889 1171 919 ervum
1208 874 1284 919 vel
1325 889 1463 919 eruca
1494 875 1707 931 prodest,
1749 872 1788 916 si
1813 890 1856 921 10

104 944 278 989 cotidie
321 943 595 1000 spleniticus
641 942 894 986 manducet
939 940 1136 985 ieiunus.
1187 941 1248 984 ad
1288 941 1496 997 splenem
1539 942 1586 984 et
1632 939 1789 983 media

104 1011 349 1056 tumentes.
396 1009 683 1066 perdicalem
712 1009 908 1052 herbam
945 1007 1090 1051 tunde
1135 1008 1182 1050 et
1222 1021 1383 1050 sucum
1421 1021 1505 1063 per
1542 1006 1791 1050 linteolum

107 1076 283 1131 colato,
331 1077 379 1119 et
417 1075 531 1119 luna
574 1075 868 1118 decrescente
906 1085 990 1128 per
1038 1075 1132 1116 tres
1175 1072 1274 1117 dies
1314 1072 1437 1117 Iovis
1480 1072 1615 1128 potui
1663 1072 1788 1115 dato.

105 1141 271 1187 lolium
310 1140 454 1197 friges
495 1143 542 1185 et
578 1143 722 1196 teres,
771 1139 962 1194 eiusque
1009 1139 1249 1195 pulverem
1286 1138 1443 1183 ieiuno
1481 1136 1615 1194 potui
1663 1137 1787 1180 dato.

108 1208 285 1252 caricas
317 1207 368 1250 in
399 1209 531 1250 aceto
564 1206 903 1261 infusas‘teres‚
937 1207 984 1248 et
1007 1204 1057 1248 in
1080 1219 1236 1261 panno
1269 1204 1514 1248 inductum
1544 1203 1659 1246 mire
1683 1215 1789 1258 pro-
1815 1217 1857 1249 15

107 1274 224 1318 dest.
271 1272 485 1316 bitumen
522 1271 754 1327 liquidum
792 1271 842 1313 in
885 1270 1109 1327 pellicula
1154 1270 1308 1327 pilosa
1357 1271 1413 1314 de
1456 1272 1559 1313 utre
1606 1267 1789 1312 vinario

107 1339 351 1383 inductum
395 1337 638 1394 imponito.
685 1337 812 1380 item.
868 1351 1067 1393 gypsum
1113 1336 1162 1379 in
1217 1339 1350 1380 aceto
1401 1337 1695 1393 ‘maceratum
1740 1333 1790 1375 in

106 1419 263 1463 panno
287 1404 532 1447 inductum
554 1403 795 1459 imponito.
835 1403 1037 1446 hederae
1061 1403 1204 1446 bacas
1230 1416 1313 1458 per
1337 1401 1547 1445 triduum
1577 1400 1627 1442 in
1656 1401 1789 1442 aceto

107 1471 287 1515 infusas
328 1472 376 1514 et
415 1484 519 1512 cum
559 1468 764 1524 axungia
809 1468 958 1512 veteri
1005 1470 1222 1511 contusas
1262 1468 1312 1510 in
1357 1481 1478 1511 novo
1524 1478 1680 1522 panno
1720 1463 1790 1506 in-

110 1537 268 1581 ducito
316 1538 364 1579 et
408 1535 638 1591 imponito
676 1534 746 1577 ita
784 1548 842 1577 ne
887 1548 971 1590 per
1016 1534 1225 1576 triduum
1271 1533 1437 1577 solvat.
1484 1533 1640 1574 rutam
1687 1544 1791 1572 cum
1815 1547 1857 1577 20

111 1603 317 1659 axungia
354 1604 477 1645 teres
518 1604 565 1645 et
603 1615 758 1657 panno
804 1601 1045 1643 inductam
1083 1599 1306 1655 impones.
1356 1597 1592 1642 brassicae
1636 1610 1792 1640 semen

113 1684 217 1713 cum
257 1669 390 1711 aceto
428 1666 594 1710 tritum
632 1668 679 1710 et
716 1668 958 1720 tamquam
996 1665 1233 1721 malagma
1265 1665 1314 1708 in
1352 1678 1507 1721 panno
1547 1663 1793 1706 inductum

114 1737 196 1779 aut
226 1733 276 1776 in
307 1733 471 1776 charta
511 1731 661 1787 spleni
699 1731 940 1786 imponito.
987 1730 1025 1774 si
1065 1733 1219 1774 aestas
1261 1733 1352 1787 est,
1395 1731 1454 1773 ab
1494 1730 1610 1772 hora
1640 1727 1793 1784 prima

112 1813 257 1855 usque
298 1799 359 1842 ad
389 1798 474 1841 VH
511 1812 655 1854 pones
699 1796 922 1852 quamdiu
963 1796 1149 1840 sufferre
1188 1790 1367 1853 possitf
1403 1796 1442 1839 si
1473 1796 1643 1851 hiems,
1690 1796 1793 1838 tota

115 1866 203 1922 die,
238 1878 348 1908 sane
380 1864 492 1906 luna
525 1864 831 1907 decrescente.
868 1863 1036 1919 pedem
1062 1863 1305 1907 sinistrum
1327 1862 1378 1905 in
1402 1862 1617 1907 arborem
1640 1859 1789 1917 capri·
1814 1874 1858 1906 25

113 1932 191 1976 fici
219 1945 378 1988 pones
412 1932 459 1973 et
490 1929 742 1985 vestigium
772 1928 904 1985 pedis
938 1929 994 1971 de
1026 1929 1198 1972 cortice
1231 1928 1329 1972 eius
1361 1928 1520 1983 tolles,
1562 1929 1609 1971 et
1640 1926 1792 1983 ipsam

116 1998 337 2042 corticem
367 1996 417 2038 in
447 1995 573 2039 fumo
608 1995 873 2050 suspendes.
920 1994 1145 2038 lacertam
1183 1994 1383 2038 viridem
1420 1993 1471 2036 in
1507 2006 1618 2037 vase
1657 1990 1793 2035 fictili

114 2078 237 2108 novo
276 2062 457 2117 mitt-es,
498 2064 545 2105 et
583 2075 666 2117 per
703 2060 909 2103 medium
946 2059 1090 2103 limen
1127 2060 1351 2116 pendeat,
1396 2058 1478 2102 ubi
1519 2057 1793 2114 spleniticus

117 2131 290 2184 manet,
323 2130 370 2171 et
401 2127 584 2171 condes.
634 2127 744 2168 dum
775 2125 872 2169 exit
903 2125 1000 2169 sive
1032 2125 1307 2182 ingreditur,
1339 2125 1466 2169 idem
1495 2139 1578 2169 vas
1609 2126 1793 2180 tangat⁷

241 2323 263 2360 1
298 2318 431 2360 curat
461 2330 543 2360 om.
577 2317 616 2359 b.
739 2320 764 2358 3
797 2315 940 2358 cimas
973 2316 1010 2359 b.
1144 2320 1172 2358 4
1206 2314 1427 2358 diuturnfi
1461 2317 1498 2359 b.
1621 2318 1647 2358 5
1680 2318 1794 2370 gna-

122 2391 196 2435 bit
229 2392 330 2445 (sic)
365 2391 390 2434 b
416 2391 489 2445 (=
514 2388 788 2445 generabit).
877 2391 883 2444 Ι
912 2388 977 2431 sic
1003 2376 1101 2446 susci.
1135 2393 1180 2432 s—s
1205 2393 1228 2431 6
1252 2388 1374 2431 hanc
1404 2387 1623 2444 porcione
1648 2393 1725 2431 etc.
1753 2388 1791 2431 b.

123 2455 149 2493 6
182 2451 238 2505 cf.
258 2449 407 2493 Marc.
429 2462 477 2503 p.
495 2450 601 2501 236,
625 2450 698 2491 26.
857 2452 880 2490 7
906 2446 1054 2503 ligato
1082 2450 1118 2492 b.
1293 2450 1318 2489 8
1335 2446 1456 2503 iples
1482 2449 1519 2491 b.
1672 2450 1697 2488 9
1731 2444 1794 2488 ci-

122 2523 208 2552 nus
242 2510 279 2553 b.
431 2505 680 2561 conspalge
713 2507 750 2550 b.
904 2510 957 2548 10
989 2506 1137 2573 h—erbfi
1170 2509 1188 2548 ῒ
1220 2511 1357 2549 eruca
1389 2507 1427 2549 b.
1595 2509 1647 2547 11
1675 2503 1795 2560 sple-

123 2580 304 2625 neticus
337 2581 374 2623 b.
481 2578 633 2634 Aplen
663 2594 687 2621 τ
717 2577 873 2621 media
904 2580 1050 2622 tuffits
1077 2581 1114 2623 b.
1202 2582 1255 2621 14
1279 2578 1391 2621 teris
1417 2580 1454 2623 b.
1541 2582 1595 2621 15
1618 2576 1731 2622 teris
1757 2578 1795 2622 b.

127 2645 180 2682 19
212 2638 404 2681 inducto
438 2639 485 2680 et
514 2636 691 2694 iposita
722 2638 760 2680 b.
946 2642 1001 2680 20
1033 2639 1088 2692 cf.
1123 2637 1272 2681 Marc.
1301 2651 1350 2692 p.
1375 2640 1480 2692 240,
1506 2640 1576 2681 31.
1728 2635 1798 2679 111-

126 2699 267 2741 ducta
296 2695 452 2752 'iponis
486 2698 522 2740 b.
618 2699 672 2738 22
704 2694 898 2738 inducta
930 2697 967 2740 b.
1062 2701 1116 2739 23
1149 2698 1196 2739 et
1227 2695 1377 2751 spleni
1403 2698 1439 2740 b.
1533 2696 1594 2739 ad
1617 2695 1733 2738 hora
1758 2696 1796 2740 b.

126 2760 183 2799 24
213 2755 348 2812 ponis
383 2756 420 2799 b.
512 2754 706 2809 hyemps
731 2755 768 2798 b.
861 2758 916 2797 25
948 2755 1004 2809 cf.
1031 2755 1178 2799 Marc.
1199 2769 1246 2811 p.
1272 2757 1376 2808 241,
1401 2758 1442 2798 1.
1518 2759 1573 2798 26
1597 2753 1732 2810 ponis
1759 2755 1797 2798 b.

125 2813 255 2858 tollis
288 2815 327 2857 b.
470 2811 573 2868 ipsa
607 2814 708 2868 (sic)
743 2813 780 2856 b.
933 2818 988 2856 27
1021 2812 1265 2870 suspendis
1298 2815 1335 2857 b.
1369 2814 1424 2868 cf.
1459 2813 1588 2858 sz
1622 2827 1695 2870 ap.
1722 2813 1799 2857 Ps.

126 2873 251 2918 sz
282 2873 317 2928 f.
342 2874 422 2916 421>
453 2877 530 2915 etc.
564 2871 712 2915 Marc.
739 2885 789 2927 p.
813 2873 919 2927 239,
945 2876 1014 2916 11.
1177 2875 1232 2915 28
1255 2871 1406 2915 mittis
1431 2873 1469 2917 b.
1620 2871 1800 2929 splene-

126 2931 248 2975 ticus
280 2932 318 2975 b.
440 2934 496 2973 29
529 2929 727 2974 eundem
757 2943 840 2973 vas
871 2932 910 2975 b.

1449 3003 1535 3046 21*
