1988 3184
204 126 313 183 300
640 91 642 93 ’
755 122 1332 171 Psnuno-'mssonom

205 262 374 307 crudus
407 275 513 306 cum
541 261 681 306 melle
718 260 860 305 tritus
898 257 1101 303 illinitus
1132 259 1261 304 idem
1289 235 1420 304 facit.
1469 257 1651 320 cocleas
1681 256 1888 302 minutas
1947 296 1950 298 .

205 343 326 385 qnae
355 327 532 385 passim
562 326 866 372 inveniuntur
897 325 1154 382 combures,
1187 325 1304 370 cinis
1330 339 1492 370 earum
1522 335 1628 369 cum
1657 323 1796 369 melle
1818 322 1890 367 in-

207 395 373 439 ductus
404 394 614 438 maculas
647 395 696 438 et
725 393 907 450 lepram
937 405 994 436 ex
1023 391 1146 436 facie
1176 391 1319 436 tollit.

324 459 634 504 cicatrices
673 459 871 516 nigras
912 458 1191 503 candidas
1238 457 1440 515 facies,
1489 457 1542 501 si.
1568 470 1782 514 spumam
1819 469 1892 500 ar·
1963 497 1967 517 ἶ

163 538 183 569 5
206 526 338 584 genti
367 527 487 571 bene
519 525 773 570 contritam
795 540 901 570 cum
925 525 1029 570 oleo
1052 524 1263 570 inducas,
1303 524 1432 569 item.
1473 538 1634 569 sevum
1657 522 1892 568 asininum

205 592 432 636 illinitum
461 592 589 636 idem
618 591 748 637 facit.
796 592 967 636 faciem
1012 591 1310 649 splendidam
1338 590 1506 648 facies,
1546 590 1587 634 si
1624 603 1745 635 uvae
1777 587 1892 633 ami-

206 671 353 702 naeae
383 658 592 702 radicem
623 672 729 703 cera
760 660 809 703 et
837 658 977 702 melle
1009 660 1248 715 conteras,
1279 657 1350 702 ita
1380 659 1434 703 ut
1466 657 1528 702 sit
1550 656 1602 701 in
1633 655 1788 713 specie
1819 669 1892 700 ce·
1979 689 1983 709 7

206 725 320 782 roti,
354 727 401 769 et
440 725 689 769 adnoctem
723 724 941 781 inducas,
974 726 1023 769 et
1059 739 1197 769 mane
1237 738 1361 780 aqua
1398 723 1601 780 delaves,
1631 721 1891 767 miraberis,

208 791 347 848 cygni
372 791 517 847 adeps
549 790 754 835 illinitus
785 790 957 836 faciem
986 793 1160 848 purgat
1191 793 1334 847 atque
1365 792 1544 847 erugat.

142 904 185 936 10
211 894 289 939 Ad
311 895 361 950 I,
393 898 455 939 38
482 898 581 950 (97)
621 894 697 939 De
736 894 1140 940 luxationibus
1187 896 1278 941 vel
1322 894 1711 941 eiectionibns
1752 893 1893 938 arti·
1983 874 1988 927 ’-

859 962 1111 1006 culorum
1143 962 1235 1019 (LI)
1980 964 1981 967 ’

327 1028 479 1071 eadem
516 1028 677 1083 repetit
714 1042 828 1084 quae
866 1030 960 1073 iam
996 1042 1139 1085 supra
1177 1030 1391 1086 apposuit
1428 1030 1482 1073 in
1517 1041 1615 1084 cap.
1644 1026 1803 1071 XLII
1825 1026 1895 1089 De
1984 1014 1988 1065 J

208 1091 413 1135 talorum
453 1091 625 1148 dolore,
673 1095 755 1138 ubi
793 1093 850 1137 de
889 1093 1002 1137 luxu
1042 1094 1244 1151 (Fimum
1284 1094 1529 1151 porcinum
1546 1120 1601 1126 —
1627 1092 1726 1136 sine
1764 1105 1896 1136 mora

212 1157 500 1214 discutiunt).
549 1160 709 1203 deinde
739 1173 859 1204 ‘nova
888 1162 1075 1205 rubrica
1105 1162 1329 1219 sequituff:

145 1270 187 1302 15
360 1262 437 1305 Ex
469 1262 588 1306 alto
621 1262 805 1319 lapsis
838 1263 1046 1319 quibus
1078 1263 1324 1309 membra
1355 1262 1563 1307 collisa
1596 1264 1739 1307 sunt.

329 1329 482 1372 Rutae
513 1339 573 1377 -ζ-
596 1329 682 1385 ΙΙΙ,
723 1328 816 1373 olei
846 1331 905 1374 ’ὃὸ
928 1330 962 1374 Ι.
997 1329 1150 1374 calide
1181 1328 1404 1374 membris
1443 1328 1681 1386 perunctis
1722 1327 1896 1386 optMe

212 1395 443 1439 convenit.
492 1395 619 1440 idem
657 1398 870 1452 praestat
902 1399 949 1440 et
979 1396 1127 1441 lixiva
1167 1396 1229 1440 ad
1267 1395 1484 1440 heminae
1521 1408 1786 1440 mensuram
1814 1408 1897 1451 po—

210 1463 328 1518 tata,
362 1464 608 1507 contusum
640 1464 687 1506 et
711 1464 917 1506 emotum
942 1466 1091 1508 sanat.
1139 1463 1345 1508 verbena
1376 1477 1482 1507 cum
1513 1462 1719 1519 axungia
1749 1459 1897 1506 veteri

210 1527 326 1572 trita
359 1531 406 1572 et
436 1528 660 1585 imposita
692 1528 866 1572 bonum
897 1532 981 1574 est.

149 1624 190 1655 20
643 1617 728 1661 Ad
759 1617 1077 1662 fracturam
1109 1618 1232 1663 sive
1264 1618 1468 1662 luxum.

332 1683 495 1727 Facies
528 1684 789 1741 embrocen,
831 1684 991 1728 vinum
1023 1687 1210 1728 acetum
1250 1684 1404 1728 oleum
1444 1683 1633 1740 aequali
1663 1696 1895 1738 mensura,

214 1751 261 1793 et
292 1749 574 1793 admiscebis
608 1763 830 1806 saponem
869 1764 958 1794 ova
990 1752 1038 1794 et
1069 1750 1361 1807 afronitrum,
1395 1764 1451 1795 ex
1482 1750 1594 1794 lana
1627 1748 1790 1793 sucida
1813 1748 1898 1791 im-

211 1829 369 1871 pones,
420 1815 458 1858 si
499 1818 630 1860 costa
669 1816 821 1860 fracta
860 1816 1002 1860 fuerit
1041 1819 1125 1861 aut
1163 1817 1389 1860 articulus
1427 1817 1504 1861 vel
1543 1815 1790 1872 quodlibet
1832 1828 1897 1871 os,

215 1884 262 1925 et
293 1882 540 1926 cohaerere
571 1896 666 1926 non
703 1882 932 1939 potuerit,
972 1882 1247 1928 collectione
1287 1883 1414 1927 facta
1455 1882 1717 1940 periculum
1746 1881 1898 1925 maius

147 1952 189 1984 25
214 1947 368 2003 fuerit,
404 1950 516 1991 tunc
549 1951 726 1993 stercus
759 1948 1002 2005 caprinum
1035 1963 1140 1993 cum
1170 1949 1280 1993 vino
1304 1948 1454 1994 veteri
1476 1948 1718 2006 imponito.
1758 1946 1898 1990 mira-

211 2012 375 2058 biliter
404 2028 499 2058 non
531 2014 682 2058 solum
714 2014 867 2071 aperit
899 2017 947 2059 et
978 2017 1231 2072 expurgat,
1265 2016 1348 2060 sed
1379 2017 1427 2059 et
1459 2028 1508 2058 os
1540 2013 1743 2058 fractum
1772 2012 1898 2056 foras

214 2082 391 2125 evocat.
438 2080 553 2124 item
583 2081 823 2126 vettonica
854 2082 1002 2126 herba
1033 2078 1138 2125 cum
1178 2081 1384 2138 axungia
1417 2081 1534 2124 trita
1566 2078 1784 2124 similiter
1813 2078 1898 2122 im-

213 2146 369 2202 posita
402 2149 632 2203 operatur.
684 2147 750 2191 sic
782 2149 830 2191 et
863 2148 1117 2192 dracontea
1146 2148 1294 2192 herba
1324 2146 1650 2191 medicabitur.

215 2249 295 2291 Ad
334 2249 613 2293 fervorem
651 2250 742 2294 vel
783 2252 1100 2307 contusum,
1144 2251 1212 2293 ad
1250 2263 1514 2305 morsum,
1557 2249 1626 2293 ad
1655 2248 1900 2292 incisum

149 2318 192 2349 3⁰
274 2315 365 2359 vel
399 2315 445 2358 si
477 2316 614 2371 quid
646 2316 807 2360 aliud
836 2316 1191 2373 provenerit,
1223 2330 1290 2360 ne
1324 2315 1576 2360 dolorem
1608 2313 1837 2358 sentiat.

332 2381 550 2438 Accipias
584 2382 654 2426 sal
687 2385 770 2426 aut
801 2382 974 2439 oleum,
1015 2385 1269 2438 antequam
1305 2382 1499 2439 plagam
1537 2395 1660 2437 aqua
1699 2382 1783 2424 aut
1813 2378 1898 2423 ali-

216 2446 330 2501 quid
362 2447 629 2504 contingat,
671 2450 718 2492 et
758 2462 896 2504 super
934 2448 1104 2492 vulnus
1144 2449 1201 2492 de
1232 2463 1375 2492 manu
1407 2447 1647 2492 confrices.
1693 2446 1900 2490 fractura

333 2577 358 2614 2
393 2572 578 2616 coburis
611 2575 650 2618 b.
802 2576 849 2617 et
881 2573 998 2617 cinis
1031 2576 1069 2619 b.
1231 2573 1427 2617 inducti-1
1460 2574 1498 2618 b.
1651 2575 1680 2614 4
1709 2569 1827 2614 facis
1859 2572 1898 2616 b.

218 2634 243 2672 5
278 2629 443 2681 9tritas
477 2633 516 2675 b.
609 2636 635 2674 6
669 2632 850 2692 aminee
877 2634 914 2677 b.
1021 2637 1044 2676 7
1062 2648 1096 2677 r.
1116 2645 1307 2679 cera...:
1339 2630 1437 2675 rad’
1465 2633 1565 2675 ctas
1589 2648 1610 2675 z
1635 2629 1774 2674 melle
1799 2631 1899 2675 ctas

222 2689 305 2740 (sic
337 2690 422 2744 bis)
458 2691 497 2733 b.
621 2694 646 2732 8
680 2690 871 2734 delavas
906 2693 944 2735 b.
1068 2691 1230 2747 adipes
1256 2693 1293 2736 b.
1338 2692 1396 2746 cf.
1422 2691 1497 2735 Ps.
1524 2690 1650 2734 Ptin.
1672 2692 1808 2745 p.34,
1826 2691 1897 2733 17.

219 2748 245 2786 9
276 2758 359 2801 seq.
399 2747 560 2792 Theod.
594 2762 630 2792 c.
657 2751 717 2791 37
749 2750 823 2805 (de
856 2749 992 2806 elef.).
1139 2754 1193 2793 16
1226 2748 1362 2793 calid'
1398 2751 1436 2794 b.
1585 2753 1640 2792 17
1672 2747 1828 2792 lexiva
1859 2748 1898 2792 b.

220 2806 273 2844 19
297 2802 328 2845 b
345 2814 404 2850 ÷
421 2806 458 2848 b.
553 2810 608 2849 20
625 2805 825 2850 fractum
843 2808 944 2864 (sic)
964 2810 1033 2853 bc.
1097 2812 1152 2851 21
1171 2808 1385 2852 embroce
1403 2810 1471 2853 bc.
1558 2812 1614 2850 22
1638 2805 1834 2850 amisces
1859 2807 1898 2851 b.

338 2875 412 2905 ex:
449 2862 486 2904 &
517 2864 555 2906 b.
679 2869 735 2907 24
766 2867 912 2910 addas
943 2868 991 2909 et
1021 2873 1126 2911 ante
1158 2866 1367 2912 coll'one.
1522 2870 1576 2909 27
1608 2864 1829 2909 betonica
1860 2865 1900 2910 b.

222 2922 277 2961 29
312 2921 557 2964 contusum
580 2935 623 2965 c:
657 2924 753 2966 eius
785 2924 877 2968 loco
909 2925 1063 2969 albwm
1088 2927 1210 2981 (post
1231 2928 1269 2983 t)
1287 2927 1338 2969 in
1363 2927 1401 2970 b.
1509 2929 1565 2969 32
1598 2922 1826 2968 confricas
1858 2924 1897 2968 b.
