1988 3184
554 128 582 148 ‘⁸
604 136 609 139 ’·
696 137 1142 181 ADDITAMENTA.
1645 135 1753 202 303

64 255 356 326 {refrigerare
395 268 515 326 sine,
559 270 608 312 et
647 268 713 312 sic
751 267 995 313 inductum
1031 267 1082 310 in
1118 266 1282 311 fronde
1319 266 1425 311 rubi
1462 266 1633 325 plagae
1671 268 1757 312 im-

74 347 212 392 pone.

0 434 3 453 ,
173 395 279 444 ‘Ad
316 403 575 445 truncum
610 400 702 445 vel
741 399 960 457 spinam
1005 398 1338 444 eiciendam.
1393 399 1467 444 lac
1513 399 1755 456 caprinum

80 466 276 522 desuper
305 465 497 510 mittens
529 468 743 523 apertum
771 465 871 522 liga
901 465 1107 522 fortiter,
1147 467 1195 509 et
1224 464 1275 508 in
1306 463 1509 509 crastino
1540 465 1750 510 invenies

76 534 293 576 truncum
330 534 412 576 aut
450 532 644 590 spinam.
701 532 835 576 item
881 531 1147 576 arundellos
1193 530 1400 587 integros
1447 531 1664 575 combure
1705 534 1752 576 et
1797 541 1819 574 5

75 597 316 655 pulverem
360 612 466 642 cum
510 601 643 643 aceto
695 597 943 655 superliga.
1005 597 1121 642 item
1167 596 1392 653 polypum
1437 596 1604 641 tritum
1649 611 1753 641 cum

75 663 281 720 axungia
311 663 459 708 veteri
490 664 747 722 supefflga,
792 663 955 709 statim
993 662 1132 708 eiciet
1163 662 1388 720 sagittam
1418 662 1494 707 vel
1525 662 1750 718 quicquid

74 728 227 774 fuerit.
273 729 312 772 si
342 729 413 774 vis
453 730 510 774 de
550 730 646 774 alia
674 732 809 787 parte
841 731 968 774 certa
998 728 1168 786 ligare,
1208 728 1386 772 ibidem
1424 727 1568 773 facies
1609 728 1745 774 exire.

190 795 273 846 Ad
302 794 691 840 inflationem.
741 796 994 839 dracontea
1025 793 1247 850 imposita
1281 793 1443 838 statim
1475 796 1623 839 sanat.

188 860 271 904 Ad
302 860 453 917 ignis
480 861 742 906 dolorem.
790 860 878 903 lini
902 873 1059 904 semen
1082 873 1187 903 cum
1211 862 1344 903 aceto
1369 861 1417 903 et
1441 859 1542 904 oleo
1568 862 1750 904 coctum
1773 872 1816 902 ιο

73 938 344 981 superpone.

186 991 268 1034 Ad
300 990 617 1035 anhelitum
648 991 744 1047 qui
775 991 939 1048 fugit.
981 992 1038 1035 de
1068 990 1290 1047 pyrethro
1314 990 1474 1047 pipere
1505 990 1643 1034 melle
1674 991 1749 1035 fac

13 1064 15 1066 ’
66 1056 306 1113 potionem
350 1056 512 1101 bibere
553 1070 655 1101 sero
694 1057 901 1101 calidam
940 1070 1045 1100 cum
1076 1054 1235 1112 adipe,
1279 1058 1326 1100 et
1356 1069 1493 1100 mane
1525 1055 1747 1112 frigidam

66 1135 148 1179 per
179 1122 278 1166 dies
308 1124 417 1166 tres.

185 1188 267 1232 Ad
304 1188 399 1231 ilii
440 1187 702 1233 dolorem.
767 1188 963 1242 Quando
1012 1187 1222 1233 Christus
1271 1189 1411 1231 natus
1459 1190 1549 1245 est,
1599 1188 1746 1232 omnis
1771 1199 1813 1231 15

69 1253 201 1298 dolor
229 1268 394 1311 passus
426 1256 509 1300 est.
543 1255 618 1299 exi
650 1255 795 1313 dolor,
830 1254 1038 1300 Christus
1070 1257 1118 1299 te
1151 1254 1374 1310 sequitur.

182 1320 264 1364 Ad
295 1334 387 1365 eos
419 1320 515 1376 qui
548 1321 886 1378 sanguinem
909 1321 1182 1378 mingunt.
1236 1320 1437 1364 aliorum
1461 1320 1619 1376 capita
1643 1334 1748 1363 cum

0 1392 2 1394 ’
67 1398 224 1430 eorum
253 1386 411 1430 radice
443 1400 589 1442 coque
621 1387 671 1430 in
704 1401 827 1443 aqua
858 1388 908 1430 in
940 1387 1035 1431 olla
1064 1387 1171 1431 rudi
1202 1399 1349 1441 usque
1384 1387 1446 1429 ad
1476 1386 1663 1442 tertias,
1698 1388 1744 1430 et

66 1450 174 1496 inde
205 1451 328 1497 bibe.
376 1451 543 1496 trifolii
571 1456 576 1510 1
604 1456 663 1510 (p,
691 1456 764 1510 69)
794 1454 1002 1498 radicem
1033 1452 1261 1496 similiter.

7 1578 11 1579 ⁷
182 1517 264 1561 Ad
296 1532 415 1562 eum
439 1519 679 1574 quicum
700 1519 939 1563 muliere
963 1533 1071 1563 non
1097 1520 1303 1575 potest.
1346 1516 1599 1561 satureiam
1624 1531 1744 1560 com·
1769 1530 1811 1560 20

4 1620 9 1628 ,
65 1582 229 1628 misces
263 1584 483 1628 albilonis
516 1586 660 1630 coctis
691 1586 742 1629 in
772 1585 880 1629 vino
914 1587 961 1629 et
993 1584 1109 1629 oleo.
1141 1583 1278 1627 bibat
1309 1583 1359 1627 in
1390 1582 1572 1627 balne0.

189 1650 245 1694 Si
274 1653 473 1708 partus
505 1653 757 1695 mortuus
789 1651 967 1695 fuerit
998 1650 1047 1694 in
1071 1652 1216 1694 utero.
1266 1648 1519 1693 satureiam
1542 1662 1646 1692 cum
1670 1662 1744 1692 ca-

70 1714 169 1760 lida
199 1716 336 1761 bibat
357 1716 538 1773 mulier,
572 1717 734 1761 statim
758 1716 909 1762 eiciet.
958 1717 1093 1761 item
1125 1716 1193 1759 ad
1216 1717 1439 1771 partum
1469 1716 1745 1758 mortuum

69 1782 478 1839 expellendum.
541 1783 773 1827 verbenae
822 1797 982 1826 sucum
1021 1796 1125 1825 cum
1171 1780 1345 1837 frigida
1383 1780 1538 1836 bibat,
1569 1779 1744 1839 ,statim

65 1846 355 1893 liberabitur.
1766 1856 1809 1889 25

181 1913 322 1958 Item
361 1914 407 1957 si
445 1914 533 1958 lac
572 1913 776 1958 mulier
814 1928 923 1957 non
960 1913 1146 1957 habet.
1205 1912 1397 1956 feniculi
1445 1925 1600 1956 semen
1639 1926 1744 1955 cum

3 1986 6 1987 ’
63 1979 233 2037 butyro
270 1982 318 2024 et
347 1980 487 2025 melle
518 1980 806 2036 commisces,
839 1979 987 2024 bibat.

180 2046 320 2090 Item
352 2061 472 2090 cum
502 2060 700 2102 parere
740 2059 851 2089 non
887 2047 1092 2102 potest.
1150 2043 1404 2100 aquileiam
1443 2043 1743 2100 argentillam

64 2112 125 2156 ad
155 2126 288 2156 renes
312 2112 499 2169 ligabis
548 2112 696 2156 item.
724 2111 964 2155 artemisia
989 2110 1050 2154 ad
1074 2109 1315 2166 inguinem
1332 2123 1555 2166 suspensa
1580 2108 1742 2152 statim

0 2179 11 2227 ’ς
59 2177 226 2233 pariet.
261 2180 308 2221 et
339 2177 432 2221 cito
457 2177 591 2221 illam
615 2176 756 2232 solve,
787 2190 846 2220 ne
879 2179 1100 2232 sequatur
1128 2176 1312 2221 matrix.
1361 2175 1509 2220 item.
1544 2175 1738 2219 dictam-
1762 2187 1804 2218 80

60 2256 173 2286 num
207 2243 268 2287 da
299 2242 474 2299 bibere,
508 2242 607 2286 sine
638 2242 845 2299 periculo
876 2242 1041 2298 pariet.

179 2308 261 2352 Ad
286 2343 295 2355 .
322 2343 333 2356 .
360 2344 368 2354 .
394 2308 700 2353 mulierem.
757 2321 914 2364 cymas
939 2307 1133 2352 XXVIII
1165 2309 1222 2352 de
1250 2307 1430 2364 persico
1463 2309 1510 2351 et
1540 2307 1739 2350 totidem

0 2382 2 2388 ’
63 2373 120 2418 de
151 2374 268 2418 rubo
300 2374 483 2418 tamdiu
516 2387 685 2429 coques
709 2373 759 2416 in
784 2373 893 2417 vino
925 2373 1050 2429 forti,
1085 2374 1230 2417 donec
1254 2376 1356 2418 tota
1386 2373 1457 2420 vis
1489 2373 1738 2417 herbarum

0 2438 5 2455 ⁷
62 2439 241 2484 ibidem
272 2442 526 2497 remaneat,
560 2442 607 2483 et
638 2439 747 2483 inde
778 2453 915 2483 mane
948 2442 995 2483 et
1028 2453 1127 2483 sero
1158 2439 1306 2484 bibat.

178 2612 204 2650 3
245 2608 320 2651 Ad
358 2609 574 2663 tryncum
611 2606 688 2652 ul'.
728 2607 822 2650 Lac
858 2644 865 2652 .
894 2643 902 2651 .
931 2644 939 2652 .
972 2606 1169 2652 fortiter.
1220 2606 1363 2663 Spina
1401 2605 1612 2650 eicienda
1639 2609 1645 2663 Ι
1672 2607 1736 2651 sic

0 2714 6 2769 ξ
59 2696 293 2752 dispertito
323 2696 456 2740 titulo
488 2696 525 2740 b.
663 2670 807 2752 8³15&
899 2694 1015 2738 facis
1031 2696 1069 2740 b.
1173 2698 1198 2737 9
1223 2700 1531 2752 sequuntur
1560 2695 1732 2739 varia.

60 2801 114 2840 13
147 2796 331 2841 bibere:
365 2798 413 2840 et
442 2794 551 2840 bibe
583 2798 621 2841 b.
745 2801 799 2841 15
845 2797 932 2853 yffi
963 2799 1001 2842 b.
1122 2765 1164 2840 x⁹
1195 2798 1220 2842 b
1248 2798 1377 2854 (bis).
1410 2798 1466 2852 ef.
1499 2810 1641 2853 supra
1672 2795 1734 2840 aa

0 2865 5 2878 ¹
52 2869 99 2912 p.
125 2857 234 2911 282,
257 2858 331 2900 20.
454 2859 511 2898 20
543 2860 599 2899 esi
629 2855 787 2899 miscis
820 2855 1039 2900 albilonis
1067 2857 1169 2911 (sic)
1196 2857 1234 2901 b.
1358 2860 1413 2899 23
1445 2854 1515 2900 eie
1539 2854 1657 2912 (-cit)
1693 2855 1730 2899 b.

61 2917 116 2957 27
149 2912 404 2959 comiscens
438 2914 475 2960 b.
598 2917 654 2957 30
687 2913 981 2984 diptamnum
1012 2917 1051 2961 b.
1155 2918 1210 2958 32
1242 2913 1316 2957 Ad
1348 2915 1383 2958 Φ
1415 2915 1521 2959 0-c
1554 2915 1657 2971 (sic)
1692 2913 1730 2957 b.
