<?xml version="1.0" encoding="UTF-8"?>
<!DOCTYPE html PUBLIC "-//W3C//DTD XHTML 1.0 Transitional//EN"
    "http://www.w3.org/TR/xhtml1/DTD/xhtml1-transitional.dtd">
<html xmlns="http://www.w3.org/1999/xhtml" xml:lang="en" lang="en">
 <head>
  <title>
</title>
<meta http-equiv="Content-Type" content="text/html;charset=utf-8" />
  <meta name='ocr-system' content='tesseract 3.04.00' />
  <meta name='ocr-capabilities' content='ocr_page ocr_carea ocr_par ocr_line ocrx_word'/>
</head>
<body>
  <div class='ocr_page' id='page_1' title='image "./theoeuporislibr00prisuoft_0328.png"; bbox 0 0 1988 3184; ppageno 0'>
   <div class='ocr_carea' id='block_1_1' title="bbox 1761 0 1988 764">
    <p class='ocr_par' dir='ltr' id='par_1_1' title="bbox 1761 0 1988 764">
     <span class='ocr_line' id='line_1_1' title="bbox 1761 0 1988 351; baseline 0 0"><span class='ocrx_word' id='word_1_1' title='bbox 1761 0 1988 351; x_wconf 95' lang='lat' dir='ltr'><strong>  </strong></span> 
     </span>
     <span class='ocr_line' id='line_1_2' title="bbox 1934 351 1988 764; baseline 0 2420"><span class='ocrx_word' id='word_1_2' title='bbox 1934 351 1988 764; x_wconf 95' lang='lat' dir='ltr'><strong> </strong></span> 
     </span>
    </p>
   </div>
   <div class='ocr_carea' id='block_1_2' title="bbox 235 122 1394 189">
    <p class='ocr_par' dir='ltr' id='par_1_2' title="bbox 235 122 1394 189">
     <span class='ocr_line' id='line_1_3' title="bbox 235 122 1394 189; baseline -0.001 -12"><span class='ocrx_word' id='word_1_3' title='bbox 235 134 343 189; x_wconf 81' lang='lat'><strong>296</strong></span> <span class='ocrx_word' id='word_1_4' title='bbox 814 122 1394 178; x_wconf 72' lang='lat' dir='ltr'><strong>Pssuno-&#39;&#39;rnnonom</strong></span> 
     </span>
    </p>
   </div>
   <div class='ocr_carea' id='block_1_3' title="bbox 168 264 1988 2114">
    <p class='ocr_par' dir='ltr' id='par_1_3' title="bbox 168 264 1988 2114">
     <span class='ocr_line' id='line_1_4' title="bbox 234 264 1916 322; baseline 0.001 -10"><span class='ocrx_word' id='word_1_5' title='bbox 234 271 357 313; x_wconf 88' lang='lat' dir='ltr'><strong>teres</strong></span> <span class='ocrx_word' id='word_1_6' title='bbox 390 270 438 312; x_wconf 92' lang='lat' dir='ltr'><strong>et</strong></span> <span class='ocrx_word' id='word_1_7' title='bbox 467 267 519 311; x_wconf 92' lang='lat' dir='ltr'><strong>in</strong></span> <span class='ocrx_word' id='word_1_8' title='bbox 547 266 738 311; x_wconf 91' lang='lat' dir='ltr'><strong>modum</strong></span> <span class='ocrx_word' id='word_1_9' title='bbox 773 265 919 310; x_wconf 88' lang='lat' dir='ltr'><strong>ceroti</strong></span> <span class='ocrx_word' id='word_1_10' title='bbox 957 264 1148 310; x_wconf 85' lang='lat' dir='ltr'><strong>illinies.</strong></span> <span class='ocrx_word' id='word_1_11' title='bbox 1195 265 1284 310; x_wconf 90' lang='lat' dir='ltr'><strong>hoc</strong></span> <span class='ocrx_word' id='word_1_12' title='bbox 1313 265 1489 322; x_wconf 89' lang='lat' dir='ltr'><strong>pedum</strong></span> <span class='ocrx_word' id='word_1_13' title='bbox 1529 265 1736 311; x_wconf 90' lang='lat' dir='ltr'><strong>dolorem</strong></span> <span class='ocrx_word' id='word_1_14' title='bbox 1766 269 1816 313; x_wconf 85' lang='lat' dir='ltr'><strong>et</strong></span> <span class='ocrx_word' id='word_1_15' title='bbox 1844 270 1916 313; x_wconf 83' lang='lat' dir='ltr'><strong>tu-</strong></span> 
     </span>
     <span class='ocr_line' id='line_1_5' title="bbox 233 331 1336 388; baseline -0.002 -10"><span class='ocrx_word' id='word_1_16' title='bbox 233 347 411 378; x_wconf 88' lang='lat' dir='ltr'><strong>morem</strong></span> <span class='ocrx_word' id='word_1_17' title='bbox 439 332 517 377; x_wconf 86' lang='lat' dir='ltr'><strong>vel</strong></span> <span class='ocrx_word' id='word_1_18' title='bbox 548 331 630 388; x_wconf 90' lang='lat' dir='ltr'><strong>qui</strong></span> <span class='ocrx_word' id='word_1_19' title='bbox 661 346 767 376; x_wconf 90' lang='lat' dir='ltr'><strong>cum</strong></span> <span class='ocrx_word' id='word_1_20' title='bbox 798 331 960 375; x_wconf 89' lang='lat' dir='ltr'><strong>scabia</strong></span> <span class='ocrx_word' id='word_1_21' title='bbox 993 331 1155 376; x_wconf 91' lang='lat' dir='ltr'><strong>dolent</strong></span> <span class='ocrx_word' id='word_1_22' title='bbox 1186 333 1336 376; x_wconf 87' lang='lat' dir='ltr'><strong>sanat.</strong></span> 
     </span>
     <span class='ocr_line' id='line_1_6' title="bbox 351 397 1918 455; baseline 0.001 -12"><span class='ocrx_word' id='word_1_23' title='bbox 351 399 427 443; x_wconf 92' lang='lat' dir='ltr'><strong>Ad</strong></span> <span class='ocrx_word' id='word_1_24' title='bbox 448 398 597 442; x_wconf 87' lang='lat' dir='ltr'><strong>malos</strong></span> <span class='ocrx_word' id='word_1_25' title='bbox 627 398 802 454; x_wconf 90' lang='lat' dir='ltr'><strong>pedum</strong></span> <span class='ocrx_word' id='word_1_26' title='bbox 834 397 1038 454; x_wconf 88' lang='lat' dir='ltr'><strong>dolores,</strong></span> <span class='ocrx_word' id='word_1_27' title='bbox 1080 398 1142 441; x_wconf 88' lang='lat' dir='ltr'><strong>ad</strong></span> <span class='ocrx_word' id='word_1_28' title='bbox 1179 410 1342 441; x_wconf 87' lang='lat' dir='ltr'><strong>reuma</strong></span> <span class='ocrx_word' id='word_1_29' title='bbox 1373 411 1507 442; x_wconf 91' lang='lat' dir='ltr'><strong>omne</strong></span> <span class='ocrx_word' id='word_1_30' title='bbox 1540 399 1744 455; x_wconf 88' lang='lat' dir='ltr'><strong>corporis</strong></span> <span class='ocrx_word' id='word_1_31' title='bbox 1777 401 1827 444; x_wconf 87' lang='lat' dir='ltr'><strong>et</strong></span> <span class='ocrx_word' id='word_1_32' title='bbox 1855 401 1918 445; x_wconf 87' lang='lat' dir='ltr'><strong>ad</strong></span> 
     </span>
     <span class='ocr_line' id='line_1_7' title="bbox 233 463 1918 524; baseline 0 -14"><span class='ocrx_word' id='word_1_33' title='bbox 233 465 467 524; x_wconf 88' lang='lat' dir='ltr'><strong>pruritum</strong></span> <span class='ocrx_word' id='word_1_34' title='bbox 497 466 546 508; x_wconf 92' lang='lat' dir='ltr'><strong>et</strong></span> <span class='ocrx_word' id='word_1_35' title='bbox 577 465 639 508; x_wconf 90' lang='lat' dir='ltr'><strong>ad</strong></span> <span class='ocrx_word' id='word_1_36' title='bbox 667 463 868 520; x_wconf 88' lang='lat' dir='ltr'><strong>papulas</strong></span> <span class='ocrx_word' id='word_1_37' title='bbox 912 463 1119 508; x_wconf 88' lang='lat' dir='ltr'><strong>minutas</strong></span> <span class='ocrx_word' id='word_1_38' title='bbox 1159 465 1207 508; x_wconf 88' lang='lat' dir='ltr'><strong>et</strong></span> <span class='ocrx_word' id='word_1_39' title='bbox 1246 463 1370 508; x_wconf 88' lang='lat' dir='ltr'><strong>sciae</strong></span> <span class='ocrx_word' id='word_1_40' title='bbox 1403 466 1451 508; x_wconf 90' lang='lat' dir='ltr'><strong>et</strong></span> <span class='ocrx_word' id='word_1_41' title='bbox 1494 477 1658 509; x_wconf 89' lang='lat' dir='ltr'><strong>renum</strong></span> <span class='ocrx_word' id='word_1_42' title='bbox 1697 465 1918 523; x_wconf 87' lang='lat' dir='ltr'><strong>dolorem,</strong></span> 
     </span>
     <span class='ocr_line' id='line_1_8' title="bbox 190 529 1919 587; baseline -0.001 -10"><span class='ocrx_word' id='word_1_43' title='bbox 190 544 211 577; x_wconf 90' lang='lat'>5</span> <span class='ocrx_word' id='word_1_44' title='bbox 236 531 394 577; x_wconf 89' lang='lat' dir='ltr'><strong>omnia</strong></span> <span class='ocrx_word' id='word_1_45' title='bbox 425 530 633 575; x_wconf 84' lang='lat' dir='ltr'><strong>desiccat</strong></span> <span class='ocrx_word' id='word_1_46' title='bbox 671 532 719 574; x_wconf 90' lang='lat' dir='ltr'><strong>et</strong></span> <span class='ocrx_word' id='word_1_47' title='bbox 758 531 819 574; x_wconf 88' lang='lat' dir='ltr'><strong>ad</strong></span> <span class='ocrx_word' id='word_1_48' title='bbox 859 530 1112 575; x_wconf 88' lang='lat' dir='ltr'><strong>sanitatem</strong></span> <span class='ocrx_word' id='word_1_49' title='bbox 1149 529 1378 587; x_wconf 89' lang='lat' dir='ltr'><strong>perducit.</strong></span> <span class='ocrx_word' id='word_1_50' title='bbox 1425 530 1515 574; x_wconf 88' lang='lat' dir='ltr'><strong>hoc</strong></span> <span class='ocrx_word' id='word_1_51' title='bbox 1546 533 1707 576; x_wconf 85' lang='lat' dir='ltr'><strong>utatur</strong></span> <span class='ocrx_word' id='word_1_52' title='bbox 1735 531 1787 575; x_wconf 93' lang='lat' dir='ltr'><strong>in</strong></span> <span class='ocrx_word' id='word_1_53' title='bbox 1815 532 1919 577; x_wconf 88' lang='lat' dir='ltr'><strong>bal-</strong></span> 
     </span>
     <span class='ocr_line' id='line_1_9' title="bbox 234 596 1920 655; baseline 0.001 -13"><span class='ocrx_word' id='word_1_54' title='bbox 234 598 348 642; x_wconf 87' lang='lat' dir='ltr'><strong>neis.</strong></span> <span class='ocrx_word' id='word_1_55' title='bbox 399 597 526 653; x_wconf 88' lang='lat' dir='ltr'><strong>quod</strong></span> <span class='ocrx_word' id='word_1_56' title='bbox 557 596 801 640; x_wconf 88' lang='lat' dir='ltr'><strong>conficitur</strong></span> <span class='ocrx_word' id='word_1_57' title='bbox 833 596 911 641; x_wconf 87' lang='lat' dir='ltr'><strong>sic.</strong></span> <span class='ocrx_word' id='word_1_58' title='bbox 953 596 1129 654; x_wconf 81' lang='lat' dir='ltr'><strong>piperis</strong></span> <span class='ocrx_word' id='word_1_59' title='bbox 1160 603 1251 640; x_wconf 69' lang='lat' dir='ltr'><strong>unc</strong></span> <span class='ocrx_word' id='word_1_60' title='bbox 1274 596 1359 653; x_wconf 91' lang='lat' dir='ltr'><strong>III,</strong></span> <span class='ocrx_word' id='word_1_61' title='bbox 1399 596 1484 641; x_wconf 90' lang='lat' dir='ltr'><strong>alii</strong></span> <span class='ocrx_word' id='word_1_62' title='bbox 1520 611 1605 655; x_wconf 91' lang='lat' dir='ltr'><strong>pro</strong></span> <span class='ocrx_word' id='word_1_63' title='bbox 1642 597 1803 655; x_wconf 83' lang='lat' dir='ltr'>pipere</span> <span class='ocrx_word' id='word_1_64' title='bbox 1842 612 1920 655; x_wconf 80' lang='lat' dir='ltr'><strong>cy-</strong></span> 
     </span>
     <span class='ocr_line' id='line_1_10' title="bbox 233 663 1974 721; baseline 0.001 -13"><span class='ocrx_word' id='word_1_65' title='bbox 233 666 397 721; x_wconf 88' lang='lat' dir='ltr'><strong>perum</strong></span> <span class='ocrx_word' id='word_1_66' title='bbox 430 663 668 719; x_wconf 85' lang='lat' dir='ltr'><strong>dixerunt,</strong></span> <span class='ocrx_word' id='word_1_67' title='bbox 703 663 939 720; x_wconf 82' lang='lat' dir='ltr'><strong>sulphuris</strong></span> <span class='ocrx_word' id='word_1_68' title='bbox 971 663 1070 708; x_wconf 84' lang='lat' dir='ltr'><strong>vivi</strong></span> <span class='ocrx_word' id='word_1_69' title='bbox 1101 671 1191 707; x_wconf 66' lang='lat' dir='ltr'><strong>unt-2</strong></span> <span class='ocrx_word' id='word_1_70' title='bbox 1214 664 1298 720; x_wconf 85' lang='lat' dir='ltr'><strong>HI,</strong></span> <span class='ocrx_word' id='word_1_71' title='bbox 1332 677 1524 708; x_wconf 84' lang='lat' dir='ltr'><strong>ovorum</strong></span> <span class='ocrx_word' id='word_1_72' title='bbox 1554 664 1767 709; x_wconf 88' lang='lat' dir='ltr'><strong>inanium</strong></span> <span class='ocrx_word' id='word_1_73' title='bbox 1797 679 1920 709; x_wconf 90' lang='lat' dir='ltr'><strong>com·</strong></span> <span class='ocrx_word' id='word_1_74' title='bbox 1972 707 1974 714; x_wconf 87' lang='grc'>,</span> 
     </span>
     <span class='ocr_line' id='line_1_11' title="bbox 233 728 1988 800; baseline 0 -26"><span class='ocrx_word' id='word_1_75' title='bbox 233 730 478 774; x_wconf 91' lang='lat' dir='ltr'><strong>bustorum</strong></span> <span class='ocrx_word' id='word_1_76' title='bbox 517 728 685 773; x_wconf 88' lang='lat' dir='ltr'><strong>cineris</strong></span> <span class='ocrx_word' id='word_1_77' title='bbox 724 735 815 773; x_wconf 68' lang='lat' dir='ltr'><strong>unfz</strong></span> <span class='ocrx_word' id='word_1_78' title='bbox 845 730 930 786; x_wconf 91' lang='lat' dir='ltr'><strong>III,</strong></span> <span class='ocrx_word' id='word_1_79' title='bbox 979 729 1195 774; x_wconf 89' lang='lat' dir='ltr'><strong>afronitri</strong></span> <span class='ocrx_word' id='word_1_80' title='bbox 1233 730 1510 774; x_wconf 91' lang='lat' dir='ltr'><strong>matronalis</strong></span> <span class='ocrx_word' id='word_1_81' title='bbox 1548 736 1640 774; x_wconf 61' lang='lat' dir='ltr'><strong>un&amp;</strong></span> <span class='ocrx_word' id='word_1_82' title='bbox 1669 731 1758 787; x_wconf 88' lang='lat' dir='ltr'><strong>HI,</strong></span> <span class='ocrx_word' id='word_1_83' title='bbox 1804 730 1920 776; x_wconf 88' lang='lat' dir='ltr'><strong>nitri</strong></span> <span class='ocrx_word' id='word_1_84' title='bbox 1975 761 1988 800; x_wconf 51' lang='grc' dir='ltr'>Ξ</span> 
     </span>
     <span class='ocr_line' id='line_1_12' title="bbox 235 794 1988 859; baseline 0.001 -20"><span class='ocrx_word' id='word_1_85' title='bbox 235 794 530 839; x_wconf 83' lang='lat' dir='ltr'><strong>alexandrini</strong></span> <span class='ocrx_word' id='word_1_86' title='bbox 576 795 809 839; x_wconf 72' lang='lat' dir='ltr'><strong>combusti</strong></span> <span class='ocrx_word' id='word_1_87' title='bbox 848 801 939 839; x_wconf 63' lang='lat' dir='ltr'><strong>unc</strong></span> <span class='ocrx_word' id='word_1_88' title='bbox 976 796 1062 852; x_wconf 90' lang='grc' dir='ltr'><strong>ΙΠ,</strong></span> <span class='ocrx_word' id='word_1_89' title='bbox 1103 796 1187 840; x_wconf 86' lang='lat' dir='ltr'><strong>alii</strong></span> <span class='ocrx_word' id='word_1_90' title='bbox 1210 796 1319 841; x_wconf 93' lang='lat' dir='ltr'><strong>VIII</strong></span> <span class='ocrx_word' id='word_1_91' title='bbox 1351 796 1581 842; x_wconf 87' lang='lat' dir='ltr'><strong>dixerunt.</strong></span> <span class='ocrx_word' id='word_1_92' title='bbox 1627 796 1805 840; x_wconf 86' lang='lat' dir='ltr'><strong>nitrum</strong></span> <span class='ocrx_word' id='word_1_93' title='bbox 1843 810 1920 841; x_wconf 93' lang='lat' dir='ltr'><strong>co-</strong></span> <span class='ocrx_word' id='word_1_94' title='bbox 1968 803 1988 859; x_wconf 58' lang='lat' dir='ltr'><strong>J:</strong></span> 
     </span>
     <span class='ocr_line' id='line_1_13' title="bbox 168 859 1988 920; baseline 0.002 -16"><span class='ocrx_word' id='word_1_95' title='bbox 168 874 211 906; x_wconf 87' lang='lat'><strong>10</strong></span> <span class='ocrx_word' id='word_1_96' title='bbox 236 874 348 916; x_wconf 86' lang='lat' dir='ltr'><strong>ques</strong></span> <span class='ocrx_word' id='word_1_97' title='bbox 390 873 528 917; x_wconf 88' lang='lat' dir='ltr'><strong>super</strong></span> <span class='ocrx_word' id='word_1_98' title='bbox 567 860 792 905; x_wconf 89' lang='lat' dir='ltr'><strong>carbones</strong></span> <span class='ocrx_word' id='word_1_99' title='bbox 825 862 874 905; x_wconf 92' lang='lat' dir='ltr'><strong>et</strong></span> <span class='ocrx_word' id='word_1_100' title='bbox 910 860 1021 907; x_wconf 84' lang='lat' dir='ltr'><strong>vino</strong></span> <span class='ocrx_word' id='word_1_101' title='bbox 1061 863 1211 908; x_wconf 85' lang='lat' dir='ltr'><strong>veteri</strong></span> <span class='ocrx_word' id='word_1_102' title='bbox 1251 862 1517 920; x_wconf 88' lang='lat' dir='ltr'><strong>extingucs,</strong></span> <span class='ocrx_word' id='word_1_103' title='bbox 1558 865 1606 907; x_wconf 88' lang='lat' dir='ltr'><strong>et</strong></span> <span class='ocrx_word' id='word_1_104' title='bbox 1643 863 1815 907; x_wconf 89' lang='lat' dir='ltr'><strong>iterum</strong></span> <span class='ocrx_word' id='word_1_105' title='bbox 1844 876 1921 908; x_wconf 90' lang='lat' dir='ltr'><strong>co-</strong></span> <span class='ocrx_word' id='word_1_106' title='bbox 1979 859 1988 916; x_wconf 65' lang='lat'><strong>&#39;&#39;4-</strong></span> 
     </span>
     <span class='ocr_line' id='line_1_14' title="bbox 234 927 1920 987; baseline 0.001 -16"><span class='ocrx_word' id='word_1_107' title='bbox 234 941 347 983; x_wconf 90' lang='lat' dir='ltr'><strong>ques</strong></span> <span class='ocrx_word' id='word_1_108' title='bbox 380 930 428 972; x_wconf 90' lang='lat' dir='ltr'><strong>et</strong></span> <span class='ocrx_word' id='word_1_109' title='bbox 458 927 509 970; x_wconf 92' lang='lat' dir='ltr'><strong>in</strong></span> <span class='ocrx_word' id='word_1_110' title='bbox 538 927 686 984; x_wconf 90' lang='lat' dir='ltr'><strong>pilam</strong></span> <span class='ocrx_word' id='word_1_111' title='bbox 716 927 876 972; x_wconf 81' lang='lat' dir='ltr'><strong>mittes</strong></span> <span class='ocrx_word' id='word_1_112' title='bbox 902 930 950 972; x_wconf 90' lang='lat' dir='ltr'><strong>et</strong></span> <span class='ocrx_word' id='word_1_113' title='bbox 974 929 1132 973; x_wconf 92' lang='lat' dir='ltr'><strong>omnia</strong></span> <span class='ocrx_word' id='word_1_114' title='bbox 1156 930 1218 974; x_wconf 91' lang='lat' dir='ltr'><strong>ad</strong></span> <span class='ocrx_word' id='word_1_115' title='bbox 1240 930 1482 987; x_wconf 87' lang='lat' dir='ltr'><strong>pulverem</strong></span> <span class='ocrx_word' id='word_1_116' title='bbox 1503 931 1673 975; x_wconf 82' lang='lat' dir='ltr'><strong>tundes</strong></span> <span class='ocrx_word' id='word_1_117' title='bbox 1699 931 1747 974; x_wconf 91' lang='lat' dir='ltr'><strong>et</strong></span> <span class='ocrx_word' id='word_1_118' title='bbox 1766 929 1920 973; x_wconf 92' lang='lat' dir='ltr'><strong>cribro</strong></span> 
     </span>
     <span class='ocr_line' id='line_1_15' title="bbox 234 994 1988 1050; baseline 0.001 -13"><span class='ocrx_word' id='word_1_119' title='bbox 234 994 366 1037; x_wconf 89' lang='lat' dir='ltr'><strong>tenui</strong></span> <span class='ocrx_word' id='word_1_120' title='bbox 405 1008 587 1050; x_wconf 86' lang='lat' dir='ltr'><strong>cernes,</strong></span> <span class='ocrx_word' id='word_1_121' title='bbox 635 996 683 1038; x_wconf 91' lang='lat' dir='ltr'><strong>et</strong></span> <span class='ocrx_word' id='word_1_122' title='bbox 721 994 771 1037; x_wconf 89' lang='lat' dir='ltr'><strong>in</strong></span> <span class='ocrx_word' id='word_1_123' title='bbox 817 995 988 1040; x_wconf 91' lang='lat' dir='ltr'><strong>balneo</strong></span> <span class='ocrx_word' id='word_1_124' title='bbox 1028 996 1186 1041; x_wconf 90' lang='lat' dir='ltr'><strong>uteris.</strong></span> <span class='ocrx_word' id='word_1_125' title='bbox 1236 996 1410 1041; x_wconf 84' lang='lat' dir='ltr'><strong>etenim</strong></span> <span class='ocrx_word' id='word_1_126' title='bbox 1447 996 1498 1040; x_wconf 91' lang='lat' dir='ltr'><strong>in</strong></span> <span class='ocrx_word' id='word_1_127' title='bbox 1543 1010 1637 1040; x_wconf 90' lang='lat' dir='ltr'><strong>una</strong></span> <span class='ocrx_word' id='word_1_128' title='bbox 1679 995 1920 1040; x_wconf 79' lang='lat' dir='ltr'><strong>lavatione</strong></span> <span class='ocrx_word' id='word_1_129' title='bbox 1983 997 1988 1015; x_wconf 79' lang='grc'><strong>“·</strong></span> 
     </span>
     <span class='ocr_line' id='line_1_16' title="bbox 234 1060 1920 1118; baseline 0.002 -16"><span class='ocrx_word' id='word_1_130' title='bbox 234 1061 420 1103; x_wconf 90' lang='lat' dir='ltr'><strong>tantum</strong></span> <span class='ocrx_word' id='word_1_131' title='bbox 453 1060 644 1104; x_wconf 90' lang='lat' dir='ltr'><strong>sudabit</strong></span> <span class='ocrx_word' id='word_1_132' title='bbox 683 1063 912 1117; x_wconf 87' lang='lat' dir='ltr'><strong>quantum</strong></span> <span class='ocrx_word' id='word_1_133' title='bbox 949 1061 1000 1105; x_wconf 91' lang='lat' dir='ltr'><strong>in</strong></span> <span class='ocrx_word' id='word_1_134' title='bbox 1039 1062 1245 1118; x_wconf 87' lang='lat' dir='ltr'><strong>quinque</strong></span> <span class='ocrx_word' id='word_1_135' title='bbox 1283 1062 1466 1107; x_wconf 86' lang='lat' dir='ltr'><strong>balneis</strong></span> <span class='ocrx_word' id='word_1_136' title='bbox 1507 1062 1676 1106; x_wconf 88' lang='lat' dir='ltr'><strong>sudare</strong></span> <span class='ocrx_word' id='word_1_137' title='bbox 1715 1076 1810 1107; x_wconf 91' lang='lat' dir='ltr'><strong>non</strong></span> <span class='ocrx_word' id='word_1_138' title='bbox 1837 1075 1920 1118; x_wconf 93' lang='lat' dir='ltr'><strong>po-</strong></span> 
     </span>
     <span class='ocr_line' id='line_1_17' title="bbox 234 1125 1921 1184; baseline 0.001 -14"><span class='ocrx_word' id='word_1_139' title='bbox 234 1125 360 1171; x_wconf 86' lang='lat' dir='ltr'><strong>terit.</strong></span> <span class='ocrx_word' id='word_1_140' title='bbox 409 1128 457 1170; x_wconf 87' lang='lat' dir='ltr'><strong>et</strong></span> <span class='ocrx_word' id='word_1_141' title='bbox 503 1140 686 1171; x_wconf 88' lang='lat' dir='ltr'><strong>omnem</strong></span> <span class='ocrx_word' id='word_1_142' title='bbox 728 1141 938 1172; x_wconf 91' lang='lat' dir='ltr'><strong>umorem</strong></span> <span class='ocrx_word' id='word_1_143' title='bbox 982 1142 1130 1184; x_wconf 91' lang='lat' dir='ltr'><strong>usque</strong></span> <span class='ocrx_word' id='word_1_144' title='bbox 1171 1129 1228 1173; x_wconf 89' lang='lat' dir='ltr'><strong>de</strong></span> <span class='ocrx_word' id='word_1_145' title='bbox 1266 1128 1485 1173; x_wconf 90' lang='lat' dir='ltr'><strong>medullis</strong></span> <span class='ocrx_word' id='word_1_146' title='bbox 1524 1128 1640 1173; x_wconf 89' lang='lat' dir='ltr'><strong>mire</strong></span> <span class='ocrx_word' id='word_1_147' title='bbox 1687 1128 1835 1172; x_wconf 89' lang='lat' dir='ltr'><strong>siccat</strong></span> <span class='ocrx_word' id='word_1_148' title='bbox 1873 1130 1921 1172; x_wconf 90' lang='lat' dir='ltr'><strong>et</strong></span> 
     </span>
     <span class='ocr_line' id='line_1_18' title="bbox 168 1193 1921 1252; baseline 0.002 -17"><span class='ocrx_word' id='word_1_149' title='bbox 168 1204 211 1236; x_wconf 87' lang='lat'><strong>15</strong></span> <span class='ocrx_word' id='word_1_150' title='bbox 234 1193 443 1237; x_wconf 90' lang='lat' dir='ltr'><strong>maculas</strong></span> <span class='ocrx_word' id='word_1_151' title='bbox 489 1193 618 1238; x_wconf 92' lang='lat' dir='ltr'><strong>tollit</strong></span> <span class='ocrx_word' id='word_1_152' title='bbox 666 1196 713 1238; x_wconf 84' lang='lat' dir='ltr'><strong>et</strong></span> <span class='ocrx_word' id='word_1_153' title='bbox 752 1208 936 1239; x_wconf 91' lang='lat' dir='ltr'><strong>omnem</strong></span> <span class='ocrx_word' id='word_1_154' title='bbox 976 1194 1184 1239; x_wconf 89' lang='lat' dir='ltr'><strong>dolorem</strong></span> <span class='ocrx_word' id='word_1_155' title='bbox 1223 1196 1370 1240; x_wconf 89' lang='lat' dir='ltr'><strong>sedat.</strong></span> <span class='ocrx_word' id='word_1_156' title='bbox 1418 1195 1507 1240; x_wconf 89' lang='lat' dir='ltr'><strong>hoc</strong></span> <span class='ocrx_word' id='word_1_157' title='bbox 1553 1194 1921 1252; x_wconf 70' lang='lat' dir='ltr'><strong>experimentum</strong></span> 
     </span>
     <span class='ocr_line' id='line_1_19' title="bbox 237 1261 1006 1306; baseline 0.005 -4"><span class='ocrx_word' id='word_1_158' title='bbox 237 1273 425 1303; x_wconf 88' lang='lat' dir='ltr'><strong>omnes</strong></span> <span class='ocrx_word' id='word_1_159' title='bbox 459 1262 723 1305; x_wconf 80' lang='lat' dir='ltr'><strong>auctores</strong></span> <span class='ocrx_word' id='word_1_160' title='bbox 756 1261 1006 1306; x_wconf 85' lang='lat' dir='ltr'><strong>affirmant.</strong></span> 
     </span>
     <span class='ocr_line' id='line_1_20' title="bbox 352 1325 1919 1385; baseline 0.003 -17"><span class='ocrx_word' id='word_1_161' title='bbox 352 1325 486 1369; x_wconf 90' lang='lat' dir='ltr'><strong>fimus</strong></span> <span class='ocrx_word' id='word_1_162' title='bbox 518 1326 805 1383; x_wconf 86' lang='lat' dir='ltr'><strong>gallinarum</strong></span> <span class='ocrx_word' id='word_1_163' title='bbox 842 1327 1043 1372; x_wconf 87' lang='lat' dir='ltr'><strong>illinitus</strong></span> <span class='ocrx_word' id='word_1_164' title='bbox 1077 1328 1139 1372; x_wconf 88' lang='lat' dir='ltr'><strong>ad</strong></span> <span class='ocrx_word' id='word_1_165' title='bbox 1175 1328 1349 1385; x_wconf 90' lang='lat' dir='ltr'><strong>pedum</strong></span> <span class='ocrx_word' id='word_1_166' title='bbox 1389 1328 1598 1372; x_wconf 90' lang='lat' dir='ltr'><strong>dolorem</strong></span> <span class='ocrx_word' id='word_1_167' title='bbox 1635 1327 1751 1372; x_wconf 85' lang='lat' dir='ltr'><strong>mire</strong></span> <span class='ocrx_word' id='word_1_168' title='bbox 1789 1326 1919 1372; x_wconf 88' lang='lat' dir='ltr'><strong>facit.</strong></span> 
     </span>
     <span class='ocr_line' id='line_1_21' title="bbox 234 1392 1919 1450; baseline 0.001 -15"><span class='ocrx_word' id='word_1_169' title='bbox 234 1392 361 1448; x_wconf 85' lang='lat' dir='ltr'><strong>pilae</strong></span> <span class='ocrx_word' id='word_1_170' title='bbox 403 1393 609 1450; x_wconf 83' lang='lat' dir='ltr'><strong>cupressi</strong></span> <span class='ocrx_word' id='word_1_171' title='bbox 649 1393 699 1438; x_wconf 89' lang='lat' dir='ltr'><strong>in</strong></span> <span class='ocrx_word' id='word_1_172' title='bbox 738 1409 863 1450; x_wconf 90' lang='lat' dir='ltr'><strong>aqua</strong></span> <span class='ocrx_word' id='word_1_173' title='bbox 901 1394 1084 1439; x_wconf 91' lang='lat' dir='ltr'><strong>marina</strong></span> <span class='ocrx_word' id='word_1_174' title='bbox 1125 1395 1348 1440; x_wconf 87' lang='lat' dir='ltr'><strong>decoctae</strong></span> <span class='ocrx_word' id='word_1_175' title='bbox 1379 1394 1449 1439; x_wconf 89' lang='lat' dir='ltr'><strong>ita</strong></span> <span class='ocrx_word' id='word_1_176' title='bbox 1492 1396 1546 1438; x_wconf 92' lang='lat' dir='ltr'><strong>ut</strong></span> <span class='ocrx_word' id='word_1_177' title='bbox 1581 1393 1746 1438; x_wconf 87' lang='lat' dir='ltr'><strong>molles</strong></span> <span class='ocrx_word' id='word_1_178' title='bbox 1788 1393 1919 1449; x_wconf 89' lang='lat' dir='ltr'><strong>fiant,</strong></span> 
     </span>
     <span class='ocr_line' id='line_1_22' title="bbox 234 1458 1921 1518; baseline 0 -16"><span class='ocrx_word' id='word_1_179' title='bbox 234 1459 404 1502; x_wconf 89' lang='lat' dir='ltr'><strong>tundes</strong></span> <span class='ocrx_word' id='word_1_180' title='bbox 436 1458 488 1502; x_wconf 89' lang='lat' dir='ltr'><strong>in</strong></span> <span class='ocrx_word' id='word_1_181' title='bbox 517 1459 618 1516; x_wconf 91' lang='lat' dir='ltr'><strong>pila</strong></span> <span class='ocrx_word' id='word_1_182' title='bbox 658 1462 706 1504; x_wconf 91' lang='lat' dir='ltr'><strong>et</strong></span> <span class='ocrx_word' id='word_1_183' title='bbox 746 1460 944 1506; x_wconf 88' lang='lat' dir='ltr'><strong>subinde</strong></span> <span class='ocrx_word' id='word_1_184' title='bbox 985 1475 1109 1517; x_wconf 89' lang='lat' dir='ltr'><strong>aqua</strong></span> <span class='ocrx_word' id='word_1_185' title='bbox 1141 1475 1371 1518; x_wconf 76' lang='lat' dir='ltr'><strong>asperges</strong></span> <span class='ocrx_word' id='word_1_186' title='bbox 1420 1460 1659 1517; x_wconf 86' lang='lat' dir='ltr'><strong>malagma</strong></span> <span class='ocrx_word' id='word_1_187' title='bbox 1691 1460 1795 1516; x_wconf 87' lang='lat' dir='ltr'><strong>fiat,</strong></span> <span class='ocrx_word' id='word_1_188' title='bbox 1835 1459 1921 1502; x_wconf 94' lang='lat' dir='ltr'><strong>im-</strong></span> 
     </span>
     <span class='ocr_line' id='line_1_23' title="bbox 169 1524 1922 1582; baseline 0.001 -15"><span class='ocrx_word' id='word_1_189' title='bbox 169 1535 211 1568; x_wconf 84' lang='lat'><strong>20</strong></span> <span class='ocrx_word' id='word_1_190' title='bbox 234 1524 419 1581; x_wconf 89' lang='lat' dir='ltr'><strong>ponito,</strong></span> <span class='ocrx_word' id='word_1_191' title='bbox 466 1526 640 1582; x_wconf 89' lang='lat' dir='ltr'><strong>pedum</strong></span> <span class='ocrx_word' id='word_1_192' title='bbox 688 1527 897 1572; x_wconf 89' lang='lat' dir='ltr'><strong>dolorem</strong></span> <span class='ocrx_word' id='word_1_193' title='bbox 934 1527 1091 1572; x_wconf 80' lang='lat' dir='ltr'><strong>tollit.</strong></span> <span class='ocrx_word' id='word_1_194' title='bbox 1141 1530 1316 1573; x_wconf 85' lang='lat' dir='ltr'><strong>stercus</strong></span> <span class='ocrx_word' id='word_1_195' title='bbox 1364 1525 1682 1571; x_wconf 91' lang='lat' dir='ltr'><strong>columbinum</strong></span> <span class='ocrx_word' id='word_1_196' title='bbox 1726 1525 1778 1569; x_wconf 92' lang='lat' dir='ltr'><strong>in</strong></span> <span class='ocrx_word' id='word_1_197' title='bbox 1821 1525 1922 1582; x_wconf 90' lang='lat' dir='ltr'><strong>pila</strong></span> 
     </span>
     <span class='ocr_line' id='line_1_24' title="bbox 234 1592 1922 1651; baseline 0.001 -17"><span class='ocrx_word' id='word_1_198' title='bbox 234 1592 418 1648; x_wconf 77' lang='lat' dir='ltr'><strong>tundeS‚</strong></span> <span class='ocrx_word' id='word_1_199' title='bbox 452 1594 500 1636; x_wconf 90' lang='lat' dir='ltr'><strong>et</strong></span> <span class='ocrx_word' id='word_1_200' title='bbox 530 1592 722 1648; x_wconf 86' lang='lat' dir='ltr'><strong>pulvere</strong></span> <span class='ocrx_word' id='word_1_201' title='bbox 754 1593 856 1650; x_wconf 88' lang='lat' dir='ltr'><strong>ipso</strong></span> <span class='ocrx_word' id='word_1_202' title='bbox 889 1596 1016 1638; x_wconf 90' lang='lat' dir='ltr'><strong>creto</strong></span> <span class='ocrx_word' id='word_1_203' title='bbox 1048 1593 1133 1638; x_wconf 85' lang='lat' dir='ltr'><strong>fiat</strong></span> <span class='ocrx_word' id='word_1_204' title='bbox 1164 1594 1394 1638; x_wconf 89' lang='lat' dir='ltr'><strong>sextarius</strong></span> <span class='ocrx_word' id='word_1_205' title='bbox 1417 1594 1451 1651; x_wconf 91' lang='grc' dir='ltr'><strong>Ι,</strong></span> <span class='ocrx_word' id='word_1_206' title='bbox 1485 1593 1717 1650; x_wconf 86' lang='lat' dir='ltr'><strong>axungiae</strong></span> <span class='ocrx_word' id='word_1_207' title='bbox 1748 1592 1922 1637; x_wconf 83' lang='lat' dir='ltr'><strong>veteris</strong></span> 
     </span>
     <span class='ocr_line' id='line_1_25' title="bbox 233 1656 1919 1718; baseline 0.002 -19"><span class='ocrx_word' id='word_1_208' title='bbox 233 1656 406 1701; x_wconf 89' lang='lat' dir='ltr'><strong>libram</strong></span> <span class='ocrx_word' id='word_1_209' title='bbox 436 1658 478 1714; x_wconf 88' lang='grc' dir='ltr'><strong>Ι,</strong></span> <span class='ocrx_word' id='word_1_210' title='bbox 528 1658 619 1703; x_wconf 90' lang='lat' dir='ltr'><strong>olei</strong></span> <span class='ocrx_word' id='word_1_211' title='bbox 667 1660 849 1718; x_wconf 81' lang='lat' dir='ltr'><strong>cyprini</strong></span> <span class='ocrx_word' id='word_1_212' title='bbox 893 1660 1199 1718; x_wconf 85' lang='lat' dir='ltr'><strong>semunciam,</strong></span> <span class='ocrx_word' id='word_1_213' title='bbox 1248 1660 1341 1706; x_wconf 88' lang='lat' dir='ltr'><strong>olei</strong></span> <span class='ocrx_word' id='word_1_214' title='bbox 1385 1659 1574 1705; x_wconf 88' lang='lat' dir='ltr'><strong>nardini</strong></span> <span class='ocrx_word' id='word_1_215' title='bbox 1621 1658 1919 1715; x_wconf 88' lang='lat' dir='ltr'><strong>semunciam,</strong></span> 
     </span>
     <span class='ocr_line' id='line_1_26' title="bbox 235 1723 1921 1784; baseline 0.001 -18"><span class='ocrx_word' id='word_1_216' title='bbox 235 1723 391 1768; x_wconf 89' lang='lat' dir='ltr'><strong>omnia</strong></span> <span class='ocrx_word' id='word_1_217' title='bbox 422 1725 591 1769; x_wconf 85' lang='lat' dir='ltr'><strong>tundes</strong></span> <span class='ocrx_word' id='word_1_218' title='bbox 622 1725 842 1770; x_wconf 87' lang='lat' dir='ltr'><strong>miscebis</strong></span> <span class='ocrx_word' id='word_1_219' title='bbox 876 1730 924 1772; x_wconf 91' lang='lat' dir='ltr'><strong>et</strong></span> <span class='ocrx_word' id='word_1_220' title='bbox 954 1727 1178 1784; x_wconf 82' lang='lat' dir='ltr'><strong>impones,</strong></span> <span class='ocrx_word' id='word_1_221' title='bbox 1227 1730 1275 1772; x_wconf 89' lang='lat' dir='ltr'><strong>et</strong></span> <span class='ocrx_word' id='word_1_222' title='bbox 1311 1728 1401 1771; x_wconf 89' lang='lat' dir='ltr'><strong>hoc</strong></span> <span class='ocrx_word' id='word_1_223' title='bbox 1431 1726 1740 1771; x_wconf 83' lang='lat' dir='ltr'><strong>medicamine</strong></span> <span class='ocrx_word' id='word_1_224' title='bbox 1781 1740 1921 1770; x_wconf 91' lang='lat' dir='ltr'><strong>sanus</strong></span> 
     </span>
     <span class='ocr_line' id='line_1_27' title="bbox 236 1789 1921 1850; baseline 0.001 -18"><span class='ocrx_word' id='word_1_225' title='bbox 236 1789 326 1833; x_wconf 88' lang='lat' dir='ltr'><strong>eris</strong></span> <span class='ocrx_word' id='word_1_226' title='bbox 357 1804 441 1846; x_wconf 83' lang='lat' dir='ltr'><strong>per</strong></span> <span class='ocrx_word' id='word_1_227' title='bbox 466 1805 611 1835; x_wconf 89' lang='lat' dir='ltr'><strong>annos</strong></span> <span class='ocrx_word' id='word_1_228' title='bbox 636 1792 876 1850; x_wconf 87' lang='lat' dir='ltr'><strong>plurimos,</strong></span> <span class='ocrx_word' id='word_1_229' title='bbox 910 1793 958 1837; x_wconf 91' lang='lat' dir='ltr'><strong>si</strong></span> <span class='ocrx_word' id='word_1_230' title='bbox 991 1795 1096 1838; x_wconf 90' lang='lat' dir='ltr'><strong>deo</strong></span> <span class='ocrx_word' id='word_1_231' title='bbox 1127 1793 1432 1850; x_wconf 87' lang='lat' dir='ltr'><strong>placuerit.</strong></span> <span class='ocrx_word' id='word_1_232' title='bbox 1482 1793 1651 1837; x_wconf 88' lang='lat' dir='ltr'><strong>vitium</strong></span> <span class='ocrx_word' id='word_1_233' title='bbox 1674 1791 1791 1836; x_wconf 89' lang='lat' dir='ltr'><strong>cinis</strong></span> <span class='ocrx_word' id='word_1_234' title='bbox 1816 1805 1921 1834; x_wconf 92' lang='lat' dir='ltr'><strong>cum</strong></span> 
     </span>
     <span class='ocr_line' id='line_1_28' title="bbox 168 1856 1922 1916; baseline 0.001 -19"><span class='ocrx_word' id='word_1_235' title='bbox 168 1865 211 1897; x_wconf 85' lang='lat'><strong>25</strong></span> <span class='ocrx_word' id='word_1_236' title='bbox 236 1856 441 1913; x_wconf 86' lang='lat' dir='ltr'><strong>axungia</strong></span> <span class='ocrx_word' id='word_1_237' title='bbox 472 1858 620 1902; x_wconf 86' lang='lat' dir='ltr'><strong>veteri</strong></span> <span class='ocrx_word' id='word_1_238' title='bbox 660 1858 906 1916; x_wconf 88' lang='lat' dir='ltr'><strong>impositus</strong></span> <span class='ocrx_word' id='word_1_239' title='bbox 941 1860 1148 1904; x_wconf 91' lang='lat' dir='ltr'><strong>dolorem</strong></span> <span class='ocrx_word' id='word_1_240' title='bbox 1179 1862 1228 1904; x_wconf 89' lang='lat' dir='ltr'><strong>et</strong></span> <span class='ocrx_word' id='word_1_241' title='bbox 1264 1862 1495 1904; x_wconf 88' lang='lat' dir='ltr'><strong>tumorem</strong></span> <span class='ocrx_word' id='word_1_242' title='bbox 1532 1858 1673 1903; x_wconf 84' lang='lat' dir='ltr'><strong>tollit.</strong></span> <span class='ocrx_word' id='word_1_243' title='bbox 1715 1856 1922 1914; x_wconf 87' lang='lat' dir='ltr'><strong>cupressi</strong></span> 
     </span>
     <span class='ocr_line' id='line_1_29' title="bbox 235 1922 1922 1983; baseline 0.001 -18"><span class='ocrx_word' id='word_1_244' title='bbox 235 1922 351 1966; x_wconf 87' lang='lat' dir='ltr'><strong>folia</strong></span> <span class='ocrx_word' id='word_1_245' title='bbox 369 1923 572 1967; x_wconf 88' lang='lat' dir='ltr'><strong>contrita</strong></span> <span class='ocrx_word' id='word_1_246' title='bbox 588 1931 680 1968; x_wconf 69' lang='lat' dir='ltr'><strong>unc</strong></span> <span class='ocrx_word' id='word_1_247' title='bbox 694 1926 749 1982; x_wconf 92' lang='grc' dir='ltr'><strong>ΙΙ,</strong></span> <span class='ocrx_word' id='word_1_248' title='bbox 771 1926 908 1983; x_wconf 90' lang='lat' dir='ltr'><strong>panis</strong></span> <span class='ocrx_word' id='word_1_249' title='bbox 931 1926 1140 1971; x_wconf 90' lang='lat' dir='ltr'><strong>medulla</strong></span> <span class='ocrx_word' id='word_1_250' title='bbox 1157 1926 1307 1970; x_wconf 90' lang='lat' dir='ltr'><strong>unciis</strong></span> <span class='ocrx_word' id='word_1_251' title='bbox 1328 1928 1551 1982; x_wconf 89' lang='lat' dir='ltr'><strong>quattuor</strong></span> <span class='ocrx_word' id='word_1_252' title='bbox 1568 1939 1673 1968; x_wconf 89' lang='lat' dir='ltr'><strong>cum</strong></span> <span class='ocrx_word' id='word_1_253' title='bbox 1689 1922 1922 1980; x_wconf 86' lang='lat' dir='ltr'><strong>axungiae</strong></span> 
     </span>
     <span class='ocr_line' id='line_1_30' title="bbox 236 1988 1922 2049; baseline 0.001 -18"><span class='ocrx_word' id='word_1_254' title='bbox 236 1988 407 2032; x_wconf 88' lang='lat' dir='ltr'><strong>veteris</strong></span> <span class='ocrx_word' id='word_1_255' title='bbox 433 1989 582 2033; x_wconf 90' lang='lat' dir='ltr'><strong>unciis</strong></span> <span class='ocrx_word' id='word_1_256' title='bbox 608 1992 651 2035; x_wconf 92' lang='grc' dir='ltr'><strong>ΙΙ</strong></span> <span class='ocrx_word' id='word_1_257' title='bbox 675 1992 724 2035; x_wconf 88' lang='lat' dir='ltr'><strong>in</strong></span> <span class='ocrx_word' id='word_1_258' title='bbox 751 2008 896 2036; x_wconf 91' lang='lat' dir='ltr'><strong>unum</strong></span> <span class='ocrx_word' id='word_1_259' title='bbox 921 1993 1124 2037; x_wconf 80' lang='lat' dir='ltr'><strong>contrita</strong></span> <span class='ocrx_word' id='word_1_260' title='bbox 1149 1995 1197 2037; x_wconf 87' lang='lat' dir='ltr'><strong>et</strong></span> <span class='ocrx_word' id='word_1_261' title='bbox 1220 1992 1443 2049; x_wconf 88' lang='lat' dir='ltr'><strong>imposita</strong></span> <span class='ocrx_word' id='word_1_262' title='bbox 1466 1991 1582 2035; x_wconf 88' lang='lat' dir='ltr'><strong>mire</strong></span> <span class='ocrx_word' id='word_1_263' title='bbox 1608 1990 1816 2034; x_wconf 91' lang='lat' dir='ltr'><strong>dolorem</strong></span> <span class='ocrx_word' id='word_1_264' title='bbox 1832 1989 1922 2033; x_wconf 87' lang='lat' dir='ltr'><strong>tol-</strong></span> 
     </span>
     <span class='ocr_line' id='line_1_31' title="bbox 237 2053 1920 2114; baseline 0.001 -17"><span class='ocrx_word' id='word_1_265' title='bbox 237 2053 352 2098; x_wconf 90' lang='lat' dir='ltr'><strong>lunt.</strong></span> <span class='ocrx_word' id='word_1_266' title='bbox 403 2055 558 2099; x_wconf 89' lang='lat' dir='ltr'><strong>caules</strong></span> <span class='ocrx_word' id='word_1_267' title='bbox 593 2058 804 2102; x_wconf 90' lang='lat' dir='ltr'><strong>sambuci</strong></span> <span class='ocrx_word' id='word_1_268' title='bbox 837 2073 942 2103; x_wconf 91' lang='lat' dir='ltr'><strong>cum</strong></span> <span class='ocrx_word' id='word_1_269' title='bbox 974 2073 1082 2103; x_wconf 86' lang='lat' dir='ltr'><strong>sevo</strong></span> <span class='ocrx_word' id='word_1_270' title='bbox 1114 2058 1295 2103; x_wconf 89' lang='lat' dir='ltr'><strong>hircino</strong></span> <span class='ocrx_word' id='word_1_271' title='bbox 1327 2058 1431 2102; x_wconf 85' lang='lat' dir='ltr'><strong>triti</strong></span> <span class='ocrx_word' id='word_1_272' title='bbox 1463 2059 1511 2102; x_wconf 88' lang='lat' dir='ltr'><strong>et</strong></span> <span class='ocrx_word' id='word_1_273' title='bbox 1540 2056 1751 2114; x_wconf 91' lang='lat' dir='ltr'><strong>impositi</strong></span> <span class='ocrx_word' id='word_1_274' title='bbox 1781 2055 1920 2100; x_wconf 87' lang='lat' dir='ltr'><strong>vehe-</strong></span> 
     </span>
    </p>
   </div>
   <div class='ocr_carea' id='block_1_4' title="bbox 234 2239 1921 2414">
    <p class='ocr_par' dir='ltr' id='par_1_4' title="bbox 234 2239 1921 2414">
     <span class='ocr_line' id='line_1_32' title="bbox 355 2239 1918 2310; baseline 0.009 -29"><span class='ocrx_word' id='word_1_275' title='bbox 355 2242 393 2281; x_wconf 89' lang='lat'><strong>3·</strong></span> <span class='ocrx_word' id='word_1_276' title='bbox 413 2239 610 2307; x_wconf 53' lang='lat' dir='ltr'><strong>{Id—(5)</strong></span> <span class='ocrx_word' id='word_1_277' title='bbox 642 2242 826 2287; x_wconf 86' lang='lat' dir='ltr'><strong>balneis</strong></span> <span class='ocrx_word' id='word_1_278' title='bbox 858 2246 981 2289; x_wconf 67' lang='lat' dir='ltr'><strong>rubr.</strong></span> <span class='ocrx_word' id='word_1_279' title='bbox 1023 2244 1286 2292; x_wconf 74' lang='lat' dir='ltr'><strong>scribuntwr</strong></span> <span class='ocrx_word' id='word_1_280' title='bbox 1319 2243 1471 2310; x_wconf 39' lang='lat' dir='ltr'><strong>(wude.</strong></span> <span class='ocrx_word' id='word_1_281' title='bbox 1489 2241 1612 2309; x_wconf 32' lang='lat' dir='ltr'><strong>ded-i)</strong></span> <span class='ocrx_word' id='word_1_282' title='bbox 1645 2241 1700 2284; x_wconf 64' lang='lat' dir='ltr'><strong>in</strong></span> <span class='ocrx_word' id='word_1_283' title='bbox 1728 2253 1773 2294; x_wconf 70' lang='lat'><strong>⁰,</strong></span> <span class='ocrx_word' id='word_1_284' title='bbox 1813 2253 1918 2307; x_wconf 55' lang='grc' dir='ltr'><strong>9,ηο-</strong></span> 
     </span>
     <span class='ocr_line' id='line_1_33' title="bbox 234 2299 1918 2368; baseline 0.001 -28"><span class='ocrx_word' id='word_1_285' title='bbox 234 2310 337 2341; x_wconf 75' lang='lat' dir='ltr'><strong>rum</strong></span> <span class='ocrx_word' id='word_1_286' title='bbox 354 2311 555 2354; x_wconf 75' lang='lat' dir='ltr'><strong>przmam</strong></span> <span class='ocrx_word' id='word_1_287' title='bbox 573 2307 753 2356; x_wconf 75' lang='lat' dir='ltr'><strong>partem</strong></span> <span class='ocrx_word' id='word_1_288' title='bbox 777 2302 1176 2359; x_wconf 85' lang='lat' dir='ltr'><strong>(Ad—pruritum)</strong></span> <span class='ocrx_word' id='word_1_289' title='bbox 1208 2316 1291 2346; x_wconf 86' lang='lat' dir='ltr'><strong>om.</strong></span> <span class='ocrx_word' id='word_1_290' title='bbox 1317 2302 1357 2356; x_wconf 89' lang='lat' dir='ltr'><strong>b,</strong></span> <span class='ocrx_word' id='word_1_291' title='bbox 1388 2301 1470 2368; x_wconf 56' lang='lat' dir='ltr'><strong>abz</strong></span> <span class='ocrx_word' id='word_1_292' title='bbox 1493 2302 1604 2365; x_wconf 70' lang='lat' dir='ltr'><strong>talzs</strong></span> <span class='ocrx_word' id='word_1_293' title='bbox 1623 2304 1687 2343; x_wconf 79' lang='lat' dir='ltr'><strong>est</strong></span> <span class='ocrx_word' id='word_1_294' title='bbox 1708 2299 1918 2342; x_wconf 78' lang='lat' dir='ltr'><strong>rubrwa:</strong></span> 
     </span>
     <span class='ocr_line' id='line_1_34' title="bbox 234 2355 1921 2414; baseline 0.001 -16"><span class='ocrx_word' id='word_1_295' title='bbox 234 2355 296 2399; x_wconf 88' lang='lat' dir='ltr'><strong>Et</strong></span> <span class='ocrx_word' id='word_1_296' title='bbox 328 2356 389 2399; x_wconf 92' lang='lat' dir='ltr'><strong>ad</strong></span> <span class='ocrx_word' id='word_1_297' title='bbox 419 2357 617 2414; x_wconf 88' lang='lat' dir='ltr'><strong>papulas</strong></span> <span class='ocrx_word' id='word_1_298' title='bbox 650 2362 698 2403; x_wconf 87' lang='lat' dir='ltr'><strong>et</strong></span> <span class='ocrx_word' id='word_1_299' title='bbox 730 2361 824 2404; x_wconf 91' lang='lat' dir='ltr'><strong>scie</strong></span> <span class='ocrx_word' id='word_1_300' title='bbox 857 2364 904 2405; x_wconf 88' lang='lat' dir='ltr'><strong>et</strong></span> <span class='ocrx_word' id='word_1_301' title='bbox 934 2375 1097 2405; x_wconf 91' lang='lat' dir='ltr'><strong>renum</strong></span> <span class='ocrx_word' id='word_1_302' title='bbox 1123 2360 1330 2404; x_wconf 90' lang='lat' dir='ltr'><strong>dolorem</strong></span> <span class='ocrx_word' id='word_1_303' title='bbox 1354 2366 1460 2403; x_wconf 84' lang='lat' dir='ltr'><strong>oina</strong></span> <span class='ocrx_word' id='word_1_304' title='bbox 1486 2358 1543 2402; x_wconf 91' lang='lat' dir='ltr'><strong>de</strong></span> <span class='ocrx_word' id='word_1_305' title='bbox 1568 2359 1687 2401; x_wconf 84' lang='lat' dir='ltr'><strong>sicat</strong></span> <span class='ocrx_word' id='word_1_306' title='bbox 1711 2358 1758 2400; x_wconf 88' lang='lat' dir='ltr'><strong>et</strong></span> <span class='ocrx_word' id='word_1_307' title='bbox 1782 2357 1921 2399; x_wconf 88' lang='lat' dir='ltr'><strong>sanat</strong></span> 
     </span>
    </p>
   </div>
   <div class='ocr_carea' id='block_1_5' title="bbox 233 2416 1919 2825">
    <p class='ocr_par' dir='ltr' id='par_1_5' title="bbox 233 2416 1918 2592">
     <span class='ocr_line' id='line_1_35' title="bbox 240 2416 1916 2481; baseline 0 -23"><span class='ocrx_word' id='word_1_308' title='bbox 240 2416 243 2459; x_wconf 61' lang='grc' dir='ltr'><strong>ἐ</strong></span> <span class='ocrx_word' id='word_1_309' title='bbox 266 2417 409 2470; x_wconf 66' lang='grc'><strong>(10.6,2</strong></span> <span class='ocrx_word' id='word_1_310' title='bbox 438 2417 534 2461; x_wconf 73' lang='lat' dir='ltr'><strong>sine</strong></span> <span class='ocrx_word' id='word_1_311' title='bbox 564 2420 689 2463; x_wconf 74' lang='lat' dir='ltr'><strong>rubr.</strong></span> <span class='ocrx_word' id='word_1_312' title='bbox 716 2421 885 2477; x_wconf 51' lang='grc' dir='ltr'><strong>μετρεῖ)</strong></span> <span class='ocrx_word' id='word_1_313' title='bbox 948 2434 1004 2463; x_wconf 94' lang='lat' dir='ltr'><strong>oo</strong></span> <span class='ocrx_word' id='word_1_314' title='bbox 1036 2422 1198 2463; x_wconf 88' lang='lat' dir='ltr'><strong>utatur</strong></span> <span class='ocrx_word' id='word_1_315' title='bbox 1224 2455 1231 2463; x_wconf 96' lang='lat'><strong>.</strong></span> <span class='ocrx_word' id='word_1_316' title='bbox 1260 2453 1269 2463; x_wconf 90' lang='lat'><strong>.</strong></span> <span class='ocrx_word' id='word_1_317' title='bbox 1297 2453 1306 2462; x_wconf 92' lang='lat'><strong>.</strong></span> <span class='ocrx_word' id='word_1_318' title='bbox 1385 2422 1411 2461; x_wconf 87' lang='grc'><strong>3</strong></span> <span class='ocrx_word' id='word_1_319' title='bbox 1434 2431 1644 2461; x_wconf 88' lang='lat' dir='ltr'><strong>reumam</strong></span> <span class='ocrx_word' id='word_1_320' title='bbox 1675 2428 1858 2481; x_wconf 80' lang='lat' dir='ltr'><strong>omnem</strong></span> <span class='ocrx_word' id='word_1_321' title='bbox 1881 2428 1916 2480; x_wconf 68' lang='grc' dir='ltr'><strong>ρ.</strong></span> 
     </span>
     <span class='ocr_line' id='line_1_36' title="bbox 237 2475 1918 2530; baseline -0.008 -1"><span class='ocrx_word' id='word_1_322' title='bbox 237 2477 261 2515; x_wconf 80' lang='grc'>6</span> <span class='ocrx_word' id='word_1_323' title='bbox 295 2487 432 2530; x_wconf 76' lang='lat' dir='ltr'><strong>cypm</strong></span> <span class='ocrx_word' id='word_1_324' title='bbox 464 2476 503 2519; x_wconf 93' lang='lat' dir='ltr'><strong>b.</strong></span> <span class='ocrx_word' id='word_1_325' title='bbox 635 2481 659 2520; x_wconf 83' lang='lat'><strong>7</strong></span> <span class='ocrx_word' id='word_1_326' title='bbox 692 2477 849 2521; x_wconf 82' lang='lat' dir='ltr'><strong>Sulfur</strong></span> <span class='ocrx_word' id='word_1_327' title='bbox 878 2478 990 2523; x_wconf 77' lang='lat' dir='ltr'><strong>vivfi</strong></span> <span class='ocrx_word' id='word_1_328' title='bbox 1021 2479 1086 2522; x_wconf 84' lang='lat' dir='ltr'><strong>Il]</strong></span> <span class='ocrx_word' id='word_1_329' title='bbox 1111 2489 1168 2527; x_wconf 77' lang='lat'><strong>-2—</strong></span> <span class='ocrx_word' id='word_1_330' title='bbox 1200 2477 1300 2522; x_wconf 85' lang='lat' dir='ltr'><strong>Ova</strong></span> <span class='ocrx_word' id='word_1_331' title='bbox 1331 2475 1494 2520; x_wconf 89' lang='lat' dir='ltr'><strong>inania</strong></span> <span class='ocrx_word' id='word_1_332' title='bbox 1525 2475 1769 2519; x_wconf 89' lang='lat' dir='ltr'><strong>combusta</strong></span> <span class='ocrx_word' id='word_1_333' title='bbox 1801 2486 1918 2517; x_wconf 80' lang='lat' dir='ltr'><strong>cinis</strong></span> 
     </span>
     <span class='ocr_line' id='line_1_37' title="bbox 233 2531 1799 2592; baseline -0.001 -14"><span class='ocrx_word' id='word_1_334' title='bbox 233 2542 294 2578; x_wconf 70' lang='lat'>÷</span> <span class='ocrx_word' id='word_1_335' title='bbox 316 2531 382 2574; x_wconf 92' lang='lat' dir='ltr'><strong>III</strong></span> <span class='ocrx_word' id='word_1_336' title='bbox 407 2534 444 2577; x_wconf 88' lang='lat' dir='ltr'><strong>b.</strong></span> <span class='ocrx_word' id='word_1_337' title='bbox 598 2540 649 2578; x_wconf 89' lang='lat'><strong>11</strong></span> <span class='ocrx_word' id='word_1_338' title='bbox 683 2535 784 2592; x_wconf 73' lang='lat' dir='ltr'><strong>pilu</strong></span> <span class='ocrx_word' id='word_1_339' title='bbox 817 2539 854 2581; x_wconf 88' lang='lat' dir='ltr'><strong>b.</strong></span> <span class='ocrx_word' id='word_1_340' title='bbox 1009 2542 1063 2580; x_wconf 85' lang='lat'><strong>12</strong></span> <span class='ocrx_word' id='word_1_341' title='bbox 1103 2550 1265 2581; x_wconf 88' lang='lat' dir='ltr'><strong>carnes</strong></span> <span class='ocrx_word' id='word_1_342' title='bbox 1298 2538 1336 2581; x_wconf 92' lang='lat' dir='ltr'><strong>b.</strong></span> <span class='ocrx_word' id='word_1_343' title='bbox 1502 2539 1556 2578; x_wconf 87' lang='lat'><strong>13</strong></span> <span class='ocrx_word' id='word_1_344' title='bbox 1589 2533 1730 2577; x_wconf 90' lang='lat' dir='ltr'><strong>sudat</strong></span> <span class='ocrx_word' id='word_1_345' title='bbox 1760 2534 1799 2577; x_wconf 92' lang='lat' dir='ltr'><strong>b.</strong></span> 
     </span>
    </p>

    <p class='ocr_par' dir='ltr' id='par_1_6' title="bbox 235 2591 1919 2769">
     <span class='ocr_line' id='line_1_38' title="bbox 238 2591 1918 2651; baseline 0.002 -20"><span class='ocrx_word' id='word_1_346' title='bbox 238 2593 292 2632; x_wconf 89' lang='grc'><strong>16</strong></span> <span class='ocrx_word' id='word_1_347' title='bbox 326 2592 511 2635; x_wconf 90' lang='lat' dir='ltr'><strong>autores</strong></span> <span class='ocrx_word' id='word_1_348' title='bbox 544 2594 582 2637; x_wconf 87' lang='lat' dir='ltr'><strong>b.</strong></span> <span class='ocrx_word' id='word_1_349' title='bbox 707 2599 761 2638; x_wconf 87' lang='lat'><strong>18</strong></span> <span class='ocrx_word' id='word_1_350' title='bbox 793 2595 926 2639; x_wconf 87' lang='lat' dir='ltr'><strong>molli</strong></span> <span class='ocrx_word' id='word_1_351' title='bbox 956 2596 1072 2639; x_wconf 88' lang='lat' dir='ltr'><strong>fiant</strong></span> <span class='ocrx_word' id='word_1_352' title='bbox 1104 2598 1141 2641; x_wconf 83' lang='lat' dir='ltr'><strong>b.</strong></span> <span class='ocrx_word' id='word_1_353' title='bbox 1261 2599 1318 2638; x_wconf 81' lang='lat'><strong>20</strong></span> <span class='ocrx_word' id='word_1_354' title='bbox 1348 2593 1513 2651; x_wconf 69' lang='lat' dir='ltr'><strong>pediu-1</strong></span> <span class='ocrx_word' id='word_1_355' title='bbox 1546 2595 1651 2649; x_wconf 74' lang='lat' dir='ltr'><strong>(pro</strong></span> <span class='ocrx_word' id='word_1_356' title='bbox 1681 2591 1855 2648; x_wconf 78' lang='lat' dir='ltr'><strong>pedufi)</strong></span> <span class='ocrx_word' id='word_1_357' title='bbox 1879 2591 1918 2635; x_wconf 92' lang='lat' dir='ltr'><strong>b.</strong></span> 
     </span>
     <span class='ocr_line' id='line_1_39' title="bbox 237 2648 1919 2711; baseline 0 -19"><span class='ocrx_word' id='word_1_358' title='bbox 237 2651 289 2711; x_wconf 57' lang='lat'><strong>2}</strong></span> <span class='ocrx_word' id='word_1_359' title='bbox 337 2648 528 2703; x_wconf 69' lang='lat' dir='ltr'><strong>pulvere</strong></span> <span class='ocrx_word' id='word_1_360' title='bbox 574 2651 680 2707; x_wconf 71' lang='lat' dir='ltr'><strong>ipsu</strong></span> <span class='ocrx_word' id='word_1_361' title='bbox 728 2656 856 2698; x_wconf 75' lang='lat' dir='ltr'><strong>cretfi</strong></span> <span class='ocrx_word' id='word_1_362' title='bbox 902 2654 957 2697; x_wconf 91' lang='lat' dir='ltr'><strong>fit</strong></span> <span class='ocrx_word' id='word_1_363' title='bbox 1004 2654 1222 2699; x_wconf 75' lang='lat' dir='ltr'><strong>sextarifi.</strong></span> <span class='ocrx_word' id='word_1_364' title='bbox 1262 2654 1297 2698; x_wconf 94' lang='grc' dir='ltr'><strong>Ι.</strong></span> <span class='ocrx_word' id='word_1_365' title='bbox 1520 2650 1724 2707; x_wconf 89' lang='lat' dir='ltr'><strong>axungia</strong></span> <span class='ocrx_word' id='word_1_366' title='bbox 1769 2648 1919 2693; x_wconf 85' lang='lat' dir='ltr'><strong>veteri</strong></span> 
     </span>
     <span class='ocr_line' id='line_1_40' title="bbox 235 2703 1798 2769; baseline 0.003 -22"><span class='ocrx_word' id='word_1_367' title='bbox 235 2703 302 2747; x_wconf 79' lang='lat' dir='ltr'><strong>lib</strong></span> <span class='ocrx_word' id='word_1_368' title='bbox 333 2707 367 2749; x_wconf 93' lang='lat' dir='ltr'><strong>I.</strong></span> <span class='ocrx_word' id='word_1_369' title='bbox 402 2709 438 2751; x_wconf 94' lang='lat' dir='ltr'><strong>b.</strong></span> <span class='ocrx_word' id='word_1_370' title='bbox 620 2714 675 2752; x_wconf 82' lang='lat'><strong>22</strong></span> <span class='ocrx_word' id='word_1_371' title='bbox 709 2711 731 2753; x_wconf 69' lang='grc' dir='ltr'>Ξ</span> <span class='ocrx_word' id='word_1_372' title='bbox 765 2714 790 2756; x_wconf 93' lang='lat' dir='ltr'><strong>b</strong></span> <span class='ocrx_word' id='word_1_373' title='bbox 830 2712 950 2769; x_wconf 77' lang='lat' dir='ltr'><strong>(bis).</strong></span> <span class='ocrx_word' id='word_1_374' title='bbox 1132 2718 1188 2756; x_wconf 80' lang='lat'><strong>23</strong></span> <span class='ocrx_word' id='word_1_375' title='bbox 1234 2712 1402 2756; x_wconf 88' lang='lat' dir='ltr'><strong>misces</strong></span> <span class='ocrx_word' id='word_1_376' title='bbox 1449 2712 1497 2755; x_wconf 90' lang='lat' dir='ltr'><strong>et</strong></span> <span class='ocrx_word' id='word_1_377' title='bbox 1541 2708 1726 2766; x_wconf 87' lang='lat' dir='ltr'><strong>inponis</strong></span> <span class='ocrx_word' id='word_1_378' title='bbox 1759 2710 1798 2753; x_wconf 91' lang='lat' dir='ltr'><strong>b.</strong></span> 
     </span>
    </p>

    <p class='ocr_par' dir='ltr' id='par_1_7' title="bbox 238 2764 1919 2825">
     <span class='ocr_line' id='line_1_41' title="bbox 238 2764 1919 2825; baseline 0.003 -21"><span class='ocrx_word' id='word_1_379' title='bbox 238 2766 293 2804; x_wconf 83' lang='lat'><strong>25</strong></span> <span class='ocrx_word' id='word_1_380' title='bbox 324 2764 550 2819; x_wconf 77' lang='lat' dir='ltr'><strong>ipositum</strong></span> <span class='ocrx_word' id='word_1_381' title='bbox 580 2766 668 2811; x_wconf 91' lang='lat' dir='ltr'><strong>hoc</strong></span> <span class='ocrx_word' id='word_1_382' title='bbox 693 2769 755 2825; x_wconf 85' lang='lat' dir='ltr'><strong>(li)</strong></span> <span class='ocrx_word' id='word_1_383' title='bbox 789 2770 831 2814; x_wconf 92' lang='lat' dir='ltr'><strong>d.</strong></span> <span class='ocrx_word' id='word_1_384' title='bbox 865 2772 903 2814; x_wconf 89' lang='lat' dir='ltr'><strong>b.</strong></span> <span class='ocrx_word' id='word_1_385' title='bbox 1088 2776 1143 2815; x_wconf 83' lang='lat'><strong>26</strong></span> <span class='ocrx_word' id='word_1_386' title='bbox 1175 2771 1291 2815; x_wconf 89' lang='lat' dir='ltr'><strong>folia</strong></span> <span class='ocrx_word' id='word_1_387' title='bbox 1323 2770 1527 2814; x_wconf 88' lang='lat' dir='ltr'><strong>contrita</strong></span> <span class='ocrx_word' id='word_1_388' title='bbox 1549 2769 1605 2813; x_wconf 90' lang='lat' dir='ltr'><strong>II.</strong></span> <span class='ocrx_word' id='word_1_389' title='bbox 1638 2778 1709 2816; x_wconf 75' lang='grc' dir='ltr'><em>-ζ-.</em></span> <span class='ocrx_word' id='word_1_390' title='bbox 1742 2767 1792 2811; x_wconf 92' lang='lat' dir='ltr'><strong>P.</strong></span> <span class='ocrx_word' id='word_1_391' title='bbox 1824 2779 1919 2810; x_wconf 88' lang='lat' dir='ltr'><strong>me-</strong></span> 
     </span>
    </p>
   </div>
   <div class='ocr_carea' id='block_1_6' title="bbox 239 2833 1916 2967">
    <p class='ocr_par' dir='ltr' id='par_1_8' title="bbox 239 2833 1916 2967">
     <span class='ocr_line' id='line_1_42' title="bbox 239 2833 1916 2967; baseline 0.004 -61"><span class='ocrx_word' id='word_1_392' title='bbox 239 2863 376 2965; x_wconf 53' lang='lat' dir='ltr'><strong>gpllca)</strong></span> <span class='ocrx_word' id='word_1_393' title='bbox 379 2833 486 2967; x_wconf 47' lang='lat' dir='ltr'><strong>111}er</strong></span> <span class='ocrx_word' id='word_1_394' title='bbox 501 2875 560 2914; x_wconf 77' lang='lat'>÷</span> <span class='ocrx_word' id='word_1_395' title='bbox 583 2868 803 2926; x_wconf 91' lang='lat' dir='ltr'><strong>Axungia</strong></span> <span class='ocrx_word' id='word_1_396' title='bbox 825 2871 987 2916; x_wconf 85' lang='lat' dir='ltr'><strong>veteri.</strong></span> <span class='ocrx_word' id='word_1_397' title='bbox 1013 2873 1069 2916; x_wconf 89' lang='lat' dir='ltr'><strong>H.</strong></span> <span class='ocrx_word' id='word_1_398' title='bbox 1093 2883 1154 2920; x_wconf 76' lang='grc' dir='ltr'><strong>-ζ-</strong></span> <span class='ocrx_word' id='word_1_399' title='bbox 1176 2872 1226 2916; x_wconf 90' lang='lat' dir='ltr'><strong>in</strong></span> <span class='ocrx_word' id='word_1_400' title='bbox 1249 2877 1345 2916; x_wconf 76' lang='lat' dir='ltr'><strong>unfi</strong></span> <span class='ocrx_word' id='word_1_401' title='bbox 1370 2871 1575 2915; x_wconf 79' lang='lat' dir='ltr'><strong>contritfi</strong></span> <span class='ocrx_word' id='word_1_402' title='bbox 1599 2872 1647 2915; x_wconf 89' lang='lat' dir='ltr'><strong>et</strong></span> <span class='ocrx_word' id='word_1_403' title='bbox 1676 2868 1854 2927; x_wconf 76' lang='lat' dir='ltr'><strong>ipositii</strong></span> <span class='ocrx_word' id='word_1_404' title='bbox 1878 2869 1916 2913; x_wconf 92' lang='lat' dir='ltr'><strong>b.</strong></span> 
     </span>
    </p>
   </div>
  </div>
 </body>
</html>
