1988 3184
780 165 1230 207 ADDITAMENTA.
1738 161 1848 214 343

23 303 30 314 ”
112 335 116 338 .
151 296 326 353 siccae,
358 296 646 340 sandaracae
679 309 772 339 ana
802 305 863 344 -ζ-
884 294 918 340 I.
961 294 1175 339 omnibus
1206 293 1333 338 tritis
1363 293 1580 351 pastillos
1611 292 1759 338 facito
1797 296 1847 339 et

69 361 74 364 ’
152 362 303 407 616606
334 376 520 419 repone,
553 364 602 407 et
633 375 738 406 cum
770 375 884 419 opus
915 361 1072 417 fuerit,
1106 361 1331 406 carbones
1355 360 1407 404 in
1438 360 1577 404 scafio
1609 359 1768 405 mittes
1796 362 1848 408 et.

151 430 173 473 I
204 429 458 474 trooiscum
487 429 564 475 vel
587 429 631 473 Π
661 428 841 473 ibidem
871 427 996 472 intra
1028 427 1221 472 scafium
1253 441 1393 484 supra
1424 427 1649 471 carbones
1680 439 1842 483 poneS,

152 498 200 541 et
232 495 401 540 mulier
431 509 572 552 supra
605 494 811 538 dimissis
835 493 1046 538 vestibus
1079 496 1309 551 apparata
1342 494 1516 550 sedeat,
1549 494 1603 536 ut
1633 492 1734 549 ipse
1759 506 1843 536 va-

149 575 237 618 por
269 562 331 605 ad
363 561 463 606 eius
494 561 720 606 interiora
750 559 1008 618 perveniat.
1868 571 1889 604 5

270 628 398 673 item.
431 627 737 684 emplastrum
768 627 831 670 ad
860 628 1099 670 menstrua
1129 625 1440 683 provocanda.
1481 624 1634 669 faeces
1667 624 1769 668 vini
1796 632 1845 675 ef.

152 694 367 751 apiorum
397 693 514 738 folia
543 692 717 738 viridia
751 693 889 736 simul
918 692 1054 749 trita,
1087 694 1136 737 et
1168 691 1376 736 calidum
1407 691 1532 735 circa
1563 690 1844 735 umbilicum

150 760 393 817 imponito.
440 759 568 804 item.
616 761 815 815 nepetae
855 773 1016 802 sucum
1059 773 1164 802 cum
1211 758 1454 802 meliorato
1499 757 1650 802 bibat.
1710 757 1840 801 item.

135 826 236 870 ,alii
265 825 457 883 purgati
485 837 547 873 -ζ-
569 826 603 881 Ι,
635 825 810 881 piperis
843 834 901 873 ÷
923 825 964 881 I,
996 825 1222 868 bacarum
1252 824 1375 868 lauri
1406 836 1466 873 -ζ-
1487 824 1593 880 1111,
1639 823 1841 868 castorei

149 904 208 941 -ζ-
231 892 330 948 IIII,
364 890 461 948 opii
483 901 542 938 ÷
566 890 664 946 IIII,
698 892 832 934 rutae
863 883 1043 948 viridis,
1074 891 1192 947 picis
1226 890 1436 946 liquidae
1469 905 1560 934 ana
1583 901 1643 939 -ζ-
1666 890 1722 946 ΙΙ,
1748 890 1833 934 bu-
1861 903 1904 934 10

148 957 243 1014 tyri
273 968 333 1005 ÷
354 958 396 1013 I,
437 956 530 1001 olei
565 955 688 1000 rosei
729 959 957 1012 quantum
996 957 1182 1001 sufficit.
1234 957 1390 1001 omnia
1431 957 1684 1014 diligenter
1714 956 1835 1000 trita

150 1023 258 1079 sint,
291 1025 340 1067 et
371 1024 599 1078 quantum
629 1021 762 1066 nucis
795 1025 866 1066 est
896 1024 1188 1080 magnitudo,
1220 1023 1389 1067 mulier
1420 1023 1511 1067 sibi
1544 1022 1762 1067 subiciat.

266 1089 466 1134 vulturis
499 1091 676 1132 stercus
716 1088 766 1131 in
805 1089 945 1133 scafio
986 1103 1124 1146 super
1162 1089 1387 1133 carbones
1419 1088 1628 1147 impone,
1671 1092 1718 1134 et
1759 1091 1838 1134 de-

151 1170 291 1213 super
320 1155 488 1199 mulier
514 1154 718 1198 dimissis
742 1155 952 1199 vestibus
979 1156 1154 1212 sedeat,
1187 1170 1294 1200 mox
1317 1155 1610 1212 purgabitur.
1655 1155 1836 1200 inulam

149 1224 198 1267 et
228 1225 384 1267 rutam
415 1236 519 1265 cum
541 1235 680 1277 passo
706 1221 877 1266 cretico
901 1222 951 1266 in
973 1222 1178 1279 pultario
1205 1235 1365 1278 coque,
1399 1224 1446 1266 et
1476 1220 1636 1266 ieiuna
1667 1223 1836 1267 mulier
1862 1239 1905 1272 15

148 1290 297 1334 bibat.
347 1288 554 1333 satureia
585 1287 750 1331 viridis
782 1288 896 1332 trita
929 1291 976 1332 et
1000 1303 1105 1332 cum
1136 1302 1259 1344 aqua
1282 1287 1417 1344 potui
1451 1289 1563 1331 data
1594 1291 1834 1333 menstrua

150 1355 353 1400 deducit.
398 1368 591 1412 gramen
622 1354 671 1396 in
703 1368 826 1409 aqua
859 1355 1108 1411 decoques,
1142 1358 1189 1399 et
1221 1369 1277 1399 ex
1308 1369 1363 1399 ea
1394 1354 1562 1399 mulier
1593 1369 1716 1410 aqua
1749 1370 1838 1399 ca-

148 1421 248 1465 lida
287 1421 458 1465 foveat.
506 1420 619 1463 nitri
650 1420 733 1464 flos
774 1434 878 1463 cum
915 1420 1069 1464 farina
1106 1420 1294 1465 triticea
1326 1423 1375 1465 et
1415 1420 1517 1464 oleo
1562 1421 1831 1465 amaracino

149 1489 443 1543 conteratur,
477 1489 524 1530 et
554 1486 722 1531 mulier
755 1486 845 1530 sibi
878 1486 1081 1530 subiciat
1114 1487 1279 1530 diebus
1312 1486 1517 1542 quinque
1550 1487 1719 1542 quibus
1752 1487 1835 1531 ha-

267 1610 321 1648 21
357 1603 571 1648 omnibus
595 1603 722 1647 tritis
748 1619 798 1649 a:
834 1603 989 1647 omnia
1013 1603 1128 1647 trita
1154 1606 1228 1661 b9.
1323 1603 1397 1647 fac
1421 1619 1461 1662 9.
1548 1610 1573 1647 2
1592 1604 1732 1648 scafio
1759 1606 1784 1649 b
1793 1620 1836 1662 9:

150 1663 277 1708 casio
310 1679 350 1708 α.
502 1662 639 1706 mitte
672 1678 749 1721 a9.
873 1667 898 1704 3
934 1677 1078 1705 unum
1107 1665 1164 1708 tr.
1197 1662 1273 1707 vel
1306 1663 1397 1706 duo
1430 1678 1505 1721 a9.
1657 1663 1838 1707 ibidem

149 1723 274 1766 intra
300 1722 492 1766 scafium
515 1736 599 1766 om.
624 1736 664 1779 9.
787 1720 1168 1777 ibidem—pones
1195 1723 1219 1766 b
1238 1723 1319 1779 (9).
1355 1735 1562 1778 suppone
1588 1723 1775 1767 breviter
1792 1738 1834 1767 α.

150 1795 288 1838 super
317 1796 357 1839 9.
481 1785 509 1824 4
541 1794 681 1836 supra
707 1786 812 1836 post
843 1779 1053 1823 vestibus
1085 1796 1127 1825 a.
1221 1783 1452 1847 apparata
1485 1783 1531 1825 b:
1566 1783 1730 1836 aperta
1755 1797 1833 1840 a9.

146 1840 247 1897 ipse
279 1854 360 1884 om.
395 1855 423 1897 9
446 1839 491 1895 (i.
524 1855 567 1884 v.
595 1845 700 1895 post
730 1838 953 1882 interiora
985 1842 1042 1895 α).
1167 1844 1192 1882 5
1225 1839 1324 1883 eius
1357 1854 1439 1884 om.
1473 1855 1502 1884 α
1511 1854 1551 1897 9
1667 1845 1692 1883 6
1718 1840 1837 1884 Item

147 1899 506 1956 —provocanda
544 1912 627 1942 om
659 1913 709 1956 9,
751 1899 829 1954 qui
865 1899 938 1942 hic
978 1903 1129 1942 tamen
1166 1899 1298 1943 habet
1337 1899 1569 1943 rubricam
1598 1898 1728 1942 XIIII
1766 1899 1835 1943 De

146 1958 428 2015 purgatione
459 1957 770 2024 provocanda.
943 1956 1211 2013 Emplastra
1245 1959 1348 2013 (sic)
1384 1959 1429 2002 b:
1465 1956 1756 2014 cataplasma
1788 1973 1830 2002 α.

151 2022 175 2061 7
208 2032 281 2074 ap.
315 2017 345 2061 f.
380 2016 518 2060 simul
548 2015 664 2060 trita
695 2014 867 2059 viridia
892 2017 930 2071 b,
963 2015 1208 2072 appiorum
1238 2015 1518 2060 viridiorum
1547 2015 1663 2060 folia
1696 2017 1835 2061 simul

146 2076 262 2120 trita
294 2091 323 2120 α
354 2077 451 2132 (ubi
475 2076 552 2120 sic
589 2090 640 2133 9.
685 2074 943 2130 Appiorum
983 2074 1099 2118 folia
1137 2089 1243 2118 cum
1288 2074 1388 2119 fece
1430 2074 1529 2119 vini
1568 2074 1713 2130 trita).

147 2135 306 2179 calidu
337 2150 377 2192 9,
411 2133 494 2178 cal'
532 2136 571 2190 b,
606 2133 761 2176 calida
786 2149 826 2177 a
913 2137 946 2175 8
978 2132 1164 2189 impone
1187 2149 1227 2191 9
1313 2133 1416 2190 Nep
1419 2135 1466 2178 te
1499 2136 1537 2190 b,
1569 2133 1728 2190 nepite
1751 2150 1781 2179 α
1791 2149 1831 2192 9

265 2193 402 2270 bibat
434 2195 517 2238 ba:
550 2191 682 2258 potui
718 2192 828 2234 dato
860 2206 899 2248 9.
1023 2196 1048 2234 9
1081 2192 1184 2235 allii
1214 2192 1419 2270 purgati.
1451 2170 1639 2249 piperis.
1674 2193 1834 2249 butyri

149 2267 240 2296 ana
277 2279 337 2284 -
359 2252 393 2296 I.
440 2253 543 2295 rute
590 2249 755 2295 viridis
801 2249 918 2306 picis
967 2249 1146 2310 liquide
1197 2265 1288 2295 ana
1318 2278 1379 2283 —-
1409 2252 1464 2295 Π.
1520 2251 1663 2295 bacas
1710 2251 1834 2295 lauri

149 2310 350 2355 castorei
382 2310 479 2366 opii
511 2324 601 2353 ana
632 2336 692 2341 -—
713 2309 801 2352 IIII
835 2310 918 2364 (sic
947 2322 1027 2353 sec.
1055 2311 1262 2366 pondera
1300 2311 1505 2366 ordinat)
1539 2324 1579 2367 9.
1682 2312 1834 2354 casto-

147 2370 237 2414 rei.
271 2369 518 2426 camphore
551 2385 591 2413 α.
747 2372 800 2411 10
832 2367 951 2423 picis
983 2367 1063 2422 liq.
1098 2382 1189 2412 ana
1220 2382 1301 2412 om.
1336 2384 1377 2413 a.
1533 2373 1584 2411 11
1620 2368 1715 2412 sint
1746 2370 1831 2414 ba:

150 2443 233 2474 om.
267 2444 307 2486 9.
432 2433 486 2471 12
519 2442 561 2482 q.
594 2441 689 2470 nux
721 2427 792 2470 est
823 2441 900 2484 a9.
1025 2426 1117 2470 sibi
1149 2441 1230 2471 om.
1263 2442 1305 2493 9.
1427 2431 1482 2470 13
1514 2427 1633 2470 Item
1664 2429 1770 2472 add.
1804 2444 1834 2472 α

154 2491 305 2544 (saepe
337 2488 472 2531 etiam
502 2487 554 2530 in
584 2489 732 2542 seqq..)
915 2484 1106 2541 scaphio
1137 2501 1178 2543 9,
1212 2485 1338 2529 casio
1374 2489 1445 2540 (ut
1474 2489 1700 2542 supra)a

147 2559 282 2603 pone
317 2547 365 2589 et
396 2558 534 2601 super
558 2544 720 2588 sedeat
743 2545 796 2587 ut
821 2543 999 2587 dictum
1024 2547 1095 2587 est
1119 2544 1329 2600 superius
1354 2558 1462 2588 mox
1484 2544 1765 2611 purgabitur
1789 2561 1830 2590 a.

151 2610 206 2648 14
231 2610 335 2660 post
364 2602 644 2660 purgabitur
675 2604 779 2647 add.
811 2602 931 2646 Item
960 2603 1211 2658 probatum
1242 2605 1313 2646 est
1344 2618 1387 2658 a,
1419 2602 1567 2646 Huius
1592 2603 1660 2647 rei
1685 2604 1833 2648 maxi-

149 2678 277 2706 mum
306 2662 665 2727 probamentum
694 2661 846 2705 habeo
878 2665 1067 2718 915
1100 2663 1148 2705 et
1178 2661 1314 2705 bibat
1343 2661 1502 2705 ieiuna
1534 2677 1576 2707 α.
1680 2667 1750 2706 16
1761 2677 1833 2707 sa-

148 2720 336 2787 turegia
368 2736 409 2765 a
515 2719 650 2776 potui
681 2734 763 2764 om.
788 2734 828 2777 9.
919 2724 974 2762 17
1000 2719 1158 2764 educit
1189 2735 1230 2764 α.
1322 2731 1641 2778 gramen—(p.
1661 2724 1763 2777 344,
1783 2726 1829 2778 3)

151 2778 352 2823 subicies
384 2793 455 2823 om
485 2793 525 2836 9.
693 2792 890 2835 granum
921 2778 972 2821 in
1004 2792 1043 2823 a.
1080 2779 1323 2823 decoctum
1354 2781 1402 2823 et
1431 2781 1659 2836 potatum.
1694 2782 1742 2824 et
1773 2781 1832 2825 de

150 2838 254 2894 ipsa
286 2851 410 2893 aqua
440 2837 583 2881 vulva
614 2836 776 2881 lavata
806 2837 998 2893 prodest
1028 2853 1070 2882 α.
1203 2842 1257 2881 18
1288 2838 1406 2882 Item
1437 2838 1520 2882 flos
1552 2854 1595 2883 n.
1631 2841 1678 2883 et
1708 2839 1738 2883 f.
1772 2842 1830 2884 tr.

150 2910 256 2940 cum
287 2910 327 2940 ο.
362 2909 402 2940 a.
435 2911 478 2940 a.
601 2900 654 2940 19
680 2895 870 2951 quibus:
904 2910 992 2951 que
1019 2898 1057 2941 b.
1174 2911 1208 2941 s.
1241 2896 1446 2952 quinque
1479 2898 1521 2942 d.
1556 2899 1603 2942 et
1633 2898 1834 2943 habebit

149 2956 388 2999 menstrua
419 2970 461 3000 a.
