1950 3172
181 105 291 161 152
722 107 1042 152 THEODORI
1069 105 1368 152 PRISGIANI
1862 0 1950 165 Ἶ

183 249 408 313 asperius
449 247 709 312 afferatur,
749 261 806 295 ea
845 261 970 310 quae
1011 250 1128 295 sunt
1164 247 1305 310 prius
1344 245 1563 296 adhibita
1600 245 1878 296 identidem
1948 253 1950 260 '

182 327 486 387 repetantur.
557 323 600 370 si
638 335 756 369 vero
786 318 900 405 plus
931 320 1119 369 fuerint
1157 319 1355 369 alienati
1386 325 1436 369 et
1466 326 1726 385 augmenta
1760 335 1877 370 cau·
1945 352 1948 358 ‚

184 411 266 444 sae
307 395 665 460 concreverint‚
704 395 881 443 incisio
921 408 1158 443 venarum
1196 395 1249 442 in
1289 395 1448 458 capite
1489 399 1538 443 et
1574 396 1705 443 ustio
1746 394 1881 444 cele·

181 469 369 518 branda
408 474 497 518 est.
539 467 698 516 danda
736 469 855 534 iera,
894 467 1111 517 dandum
1143 467 1417 517 elleborum
1456 473 1506 517 et
1545 473 1709 527 cetera
1748 482 1878 563 quae

113 554 157 586 5
184 542 613 608 epilempticorum
653 543 787 591 curis
827 541 1052 591 ordinata
1092 548 1220 591 sunt.

330 617 457 665 hanc
505 631 674 665 curam
721 618 871 665 etiam
922 615 1241 665 entheasticis
1289 615 1522 665 adhibere
1569 614 1880 666 debebimus,

635 749 798 799 XVIII.
837 749 914 798 De
953 726 1425 800 melancholicis,

93 836 160 888 51
330 839 616 888 Accidentia
655 838 1124 888 melancholicorum
1162 839 1283 888 haec
1322 839 1583 888 manifesta
1622 844 1750 888 sunt.
1823 840 1878 888 in

182 915 429 978 principio
478 929 655 963 causae
703 913 874 962 salutis
930 929 1047 962 suae
1095 913 1441 978 desperatione
1488 915 1649 978 primo
1696 928 1878 978 propo-

117 998 159 1030 10
182 993 358 1037 nentes
398 989 574 1037 mortis
606 987 911 1036 desiderium
943 988 1231 1052 frequenter
1267 993 1511 1052 coguntur
1540 989 1593 1036 in
1632 987 1879 1054 lacrimas7

184 1068 233 1111 et
265 1062 461 1111 deserta
499 1061 606 1111 loca
636 1063 801 1126 potius
836 1067 1124 1126 appetentes
1156 1061 1414 1110 hominum
1445 1063 1691 1126 incipiunt
1722 1062 1879 1111 vitare

184 1137 444 1185 consortia.
515 1135 776 1201 aliquando
809 1151 984 1185 rursus
1019 1151 1158 1185 suam
1191 1137 1487 1185 sententiam
1527 1135 1880 1192 redamnantes

183 1212 310 1259 vitae
351 1209 523 1259 solatio
558 1209 879 1259 delectantur.
947 1211 1078 1259 circa
1109 1210 1398 1274 praecordia
1430 1225 1547 1258 vero
1580 1209 1641 1258 de
1681 1209 1880 1258 assidua

183 1284 436 1333 inflatione
470 1290 761 1350 queruntur,
801 1290 850 1333 et
882 1299 994 1333 cum
1034 1283 1215 1333 sudore
1254 1285 1406 1332 totius
1448 1286 1670 1348 corporis
1711 1286 1879 1348 inpor-

117 1367 160 1400 15
182 1365 302 1408 tuno
350 1358 556 1422 frigidos
603 1357 838 1407 articulos
894 1359 1183 1422 saepissime
1237 1359 1507 1422 patiuntur.
1592 1359 1778 1422 privari
1825 1371 1879 1405 se

186 1432 246 1481 ob
285 1433 379 1481 hoc
419 1434 569 1482 etiam
607 1431 798 1481 viribus
837 1431 1145 1481 naturalibus
1185 1437 1481 1481 asseverant.
1548 1431 1880 1496 indigestione

184 1508 473 1571 frequenter
519 1506 760 1555 stomachi
807 1507 1095 1572 fatigantur,
1141 1511 1312 1555 ructus
1360 1521 1475 1555 suos
1515 1507 1676 1554 varios
1717 1511 1766 1554 et
1803 1506 1882 1553 in-

186 1596 360 1630 suaves
399 1581 801 1646 perhorrescunt.
880 1580 1015 1629 color
1055 1595 1227 1629 eorum
1274 1581 1464 1645 nigrior
1503 1580 1609 1646 fiet,
1657 1585 1707 1628 et
1751 1581 1878 1628 inte-

186 1657 374 1704 riorum
413 1657 661 1704 viscerum
699 1655 1009 1719 frequentius
1050 1653 1304 1703 doloribus
1347 1659 1712 1718 attemptentur.

94 1725 166 1777 52
334 1729 466 1778 unde
515 1744 711 1778 omnem
759 1744 929 1778 curam
983 1744 1127 1792 quam
1176 1730 1388 1777 maxime
1443 1727 1693 1776 stomacho
1749 1726 1882 1776 dele-

120 1814 160 1845 21
187 1803 334 1870 gabO,
385 1804 617 1852 fomentis
656 1802 733 1852 vel
773 1802 1203 1867 cataplasmatibus
1244 1801 1520 1851 chalasticis
1561 1801 1881 1850 imminendO.

186 1879 375 1926 ventris
430 1878 648 1926 officium
694 1878 834 1941 prius
880 1877 1122 1925 inoffense
1178 1876 1479 1942 procurabO,
1534 1891 1631 1940 quo
1688 1874 1885 1924 facilius

187 1953 336 2000 etiam
376 1951 658 2000 catharticis
699 1950 1049 2014 depurgentur.
1126 1950 1369 2015 palaestra
1407 1949 1484 1998 vel
1523 1948 1883 2014 gestationibus

188 2025 395 2074 solidius
443 2030 782 2074 exerceantur.
867 2025 971 2072 vini
1016 2026 1198 2073 veteris
1247 2030 1296 2073 et
1353 2023 1479 2072 bene
1529 2023 1708 2072 olentis
1757 2024 1885 2071 acci-

309 2156 333 2196 1
375 2165 431 2196 ea
470 2167 560 2212 que
592 2167 637 2197 r:
683 2153 730 2195 et
768 2164 889 2207 quae
920 2152 979 2196 Β.
1162 2156 1187 2194 2
1230 2150 1269 2194 si
1306 2164 1415 2194 vero
1447 2152 1528 2196 rb:
1569 2149 1643 2194 sin
1680 2163 1789 2194 vero
1822 2150 1884 2194 B.

189 2211 387 2256 alienati
420 2213 444 2256 b
463 2214 580 2257 Gal.
620 2225 702 2256 om.
735 2212 807 2278 ΥΒ
839 2211 937 2266 (ubi
973 2209 1080 2267 plus
1112 2210 1286 2254 fuerint
1324 2211 1372 2254 et
1403 2212 1475 2267 a.).
1635 2214 1664 2252 4
1701 2208 1801 2253 iera
1838 2209 1886 2253 Β

115 2288 119 2292 ·
190 2274 319 2327 (yera
350 2273 414 2328 b):
448 2285 562 2328 gera
591 2285 629 2316 r.
724 2274 749 2313 6
774 2269 825 2313 111
848 2269 1079 2314 intheacis
1103 2270 1163 2326 B,
1197 2269 1368 2314 enthea
1396 2268 1565 2313 anticis
1592 2270 1617 2313 b
1642 2268 1887 2325 (euthem-

187 2330 295 2374 ticis
331 2331 463 2387 Gal),
493 2329 766 2374 intheaticis
797 2344 834 2374 r.
958 2328 1231 2373 debebimus
1255 2344 1300 2375 r.
1335 2327 1556 2372 debemus
1581 2328 1627 2371 Β
1652 2330 1752 2385 (nos
1777 2341 1888 2371 con-

188 2389 320 2434 venit
351 2391 376 2435 b
398 2391 533 2446 Gal..)
707 2393 732 2432 7
765 2390 833 2433 tit.
867 2388 936 2432 De
967 2387 1288 2432 melancolicis
1321 2387 1473 2432 eidem
1503 2386 1600 2444 pris
1605 2386 1740 2431 ciani.
1758 2386 1814 2431 V.
1845 2401 1885 2442 r,

188 2449 256 2493 De
287 2448 640 2493 melancholicis
671 2448 835 2493 XVIII.
863 2449 919 2492 Β
1076 2452 1101 2490 9
1135 2461 1305 2491 causae
1336 2462 1362 2491 r
1371 2448 1416 2491 b.
1449 2446 1588 2490 huius
1619 2459 1791 2490 causae
1821 2445 1882 2489 Β.

196 2512 246 2551 10
278 2508 329 2552 111
359 2508 578 2552 lacrimas
610 2508 677 2553 Β.
711 2509 758 2551 et
788 2506 1007 2550 lacrimas
1039 2521 1064 2551 r
1088 2505 1407 2563 (lacrimantes
1439 2507 1496 2563 b).
1690 2509 1744 2548 12
1777 2517 1887 2548 con—

191 2567 337 2611 sortia
369 2569 434 2613 Β.
469 2567 744 2612 societatem
773 2568 846 2611 rb.
1031 2570 1086 2609 16
1119 2565 1265 2609 etiam
1295 2567 1341 2611 Β
1358 2567 1440 2621 (b):
1482 2565 1639 2608 autem
1670 2563 1815 2607 etiam
1845 2577 1883 2608 r.

193 2630 247 2669 17
279 2627 548 2683 frequenter
577 2628 656 2672 rb:
691 2625 789 2669 —ti
820 2626 879 2670 Β.
1072 2628 1125 2668 18
1159 2625 1286 2669 color
1316 2638 1476 2668 eorum
1505 2621 1683 2679 nigrior
1711 2622 1795 2666 fiet
1824 2623 1890 2667 rb

191 2687 266 2739 <cf
302 2686 419 2731 Cael.
453 2687 739 2740 chr.1,182
779 2684 906 2728 color
943 2683 1107 2728 viridis
1148 2698 1255 2728 cum
1284 2683 1510 2750 nigrore)·
1558 2681 1686 2725 calor
1725 2694 1886 2724 eorum

191 2742 386 2787 interior
415 2745 497 2788 fiet
527 2746 573 2789 Β
598 2745 674 2801 (cf.
709 2744 826 2790 Cael.
859 2745 918 2788 ib.
953 2743 1184 2788 stomachi
1214 2740 1553 2787 mordicatione
1584 2743 1886 2797 etc.).19

191 2800 423 2845 viscerum
454 2805 520 2847 B:
554 2817 714 2847 eorum
751 2802 984 2847 viscerum
1013 2818 1038 2847 r
1062 2802 1308 2858 (viscerum
1347 2814 1536 2845 suorum
1567 2798 1634 2857 b).'
1754 2798 1885 2843 dolo·-

192 2859 321 2903 ribus
364 2860 419 2904 fr.
468 2863 810 2918 attemptantur
848 2863 914 2918 B,
959 2861 1250 2917 frequentius
1298 2858 1537 2904 doloribus
1586 2859 1810 2916 aptantur
1844 2871 1888 2914 r,

107 2966 113 2972 ,
192 2917 484 2975 frequentius
518 2922 860 2977 attemptantur
891 2923 992 2979 (om.
1025 2919 1280 2976 doloribus)
1312 2920 1350 2965 b.
