1950 3172
147 136 260 190 254
682 136 1003 181 THEODOBI
1017 135 1331 181 'mecum

149 281 217 333 et*
238 281 376 325 aceto
417 276 461 324 si
501 274 748 324 odoratur.
825 289 889 324 ex
927 274 1061 326 corio
1116 273 1294 330 frontis
1340 272 1467 323 asini
1516 274 1642 324 facta
1686 273 1845 324 veluti

149 348 353 399 fasciola
400 363 573 398 eorum
620 346 817 397 articuli
863 347 1236 413 constringendi
1276 353 1405 415 sunt,
1443 353 1494 398 et
1531 347 1694 397 dextri
1731 349 1846 397 eius

1826 0 1849 18 J».
1860 0 1950 135 πἺ

1845 27 1862 41 ι.
1884 27 1906 46 '0'

148 422 292 488 pedis
329 421 542 487 ungulae
572 419 797 487 po'rtatus
829 420 1045 471 circulus
1075 423 1185 487 pari
1216 421 1522 471 condicione·
1543 417 1843 478 medebitur.
1882 451 1887 455 ·

150 499 340 546 interea
386 497 623 561 caprinas
668 501 787 545 tunc
842 488 1181 545 tantummodo
1237 510 1411 546 carnes
1465 494 1844 546 comedentibus

81 578 126 612 5
150 569 453 631 camelorum
498 568 714 619 medulla
761 568 869 618 oleo
923 584 1067 619 roseo
1114 569 1332 619 resoluta
1385 576 1609 635 tempora
1662 570 1843 634 capitis

149 643 432 693 stomachus
474 649 522 693 et
552 648 711 693 totum
742 649 917 708 pectus
955 644 1211 693 matutinis
1249 643 1387 693 horis
1425 642 1842 709 perunguendum

148 724 238 767 est.
317 733 377 767 ex
417 719 657 782 sanguine
701 715 1025 767 mustelarum
1069 724 1378 803 unguentum
1417 733 1475 767 eo
1514 717 1661 767 modo
1701 716 1839 766 adhi-

145 791 306 842 bitum
351 807 442 857 par.
494 793 751 857 praestitit
788 791 1100 841 beneficium.
1185 793 1237 840 in
1283 791 1406 857 ipsis
1459 807 1575 841 vero
1624 805 1841 841 commo-

147 865 383 932 tionibus,
407 867 467 915 .si
507 867 797 931 sanguinem
838 865 899 914 de
938 867 1045 915 eius
1083 865 1267 931 pedum
1299 866 1467 930 digitis
1508 862 1676 916 elicias
1716 879 1838 929 quo-

79 949 122 982 10
148 955 245 1004 quo
277 938 436 1006 pacto,
477 945 526 988 et
557 941 665 989 eius
698 940 911 989 frontem
944 954 1003 988 ex
1036 954 1095 988 eo
1126 946 1298 1004 tangas
1338 946 1387 989 et
1416 939 1560 1006 labia,
1600 940 1838 989 continuo

147 1019 394 1079 exsurget.
471 1019 591 1063 tunc
631 1015 779 1063 etiam
819 1015 946 1063 asini
983 1013 1102 1063 lotio
1143 1015 1339 1078 aspergi
1378 1014 1650 1063 conveniet.

95 1084 124 1135 7
295 1087 419 1137 addo
467 1089 680 1154 interea,
719 1087 850 1152 quod
888 1087 971 1137 ille
1011 1089 1081 1147 ait
1119 1089 1163 1136 si
1207 1087 1330 1138 mihi
1368 1087 1440 1137 fas
1480 1087 1645 1137 audita
1684 1085 1841 1153 loqui,

146 1161 278 1226 quod
324 1163 598 1211 necessitas
644 1161 984 1226 procurandae
1040 1162 1264 1211 sanitatis
1319 1167 1606 1228 extorquet,
1662 1160 1838 1210 eodem

144 1235 263 1285 lotio
312 1237 439 1285 asini
492 1238 653 1301 potari
700 1251 784 1285 eos
824 1235 1030 1302 debere,
1081 1241 1131 1285 et
1175 1235 1499 1284 hirundinum
1545 1236 1838 1299 sanguinem

76 1317 122 1350 15
144 1325 257 1359 cum
303 1312 429 1359 turis
476 1309 683 1359 masculi
728 1309 930 1374 pulvere
978 1313 1132 1374 aequa
1180 1309 1272 1358 sub
1318 1309 1675 1374 ponderatione
1723 1303 1858 1358 cum'

145 1383 358 1448 oxymeli
406 1383 636 1433 similiter
683 1398 892 1433 sumere.
960 1385 1032 1432 sic
1086 1382 1170 1432 alii
1223 1385 1495 1432 veteriores
1552 1382 1644 1432 sub
1699 1388 1837 1431 certo

86 1484 88 1486 ν
144 1463 336 1507 secreto
376 1464 581 1507 naturae
615 1463 820 1523 excepto
854 1459 1015 1522 capite
1048 1462 1097 1506 et
1127 1456 1336 1522 pedibus
1371 1463 1560 1506 ceteras
1596 1455 1840 1506 mustelae

143 1530 468 1596 reliquiarum
492 1538 658 1596 partes
692 1533 914 1596 corporis
940 1531 1248 1597 obtulerunt,
1288 1547 1347 1580 ex
1380 1533 1521 1580 cuius
1554 1530 1653 1580 cibi
1683 1529 1836 1579 bene-

142 1606 253 1654 ficio
287 1605 565 1655 molestiam
593 1607 839 1671 passionis
872 1606 1275 1670 frequentissime
1309 1604 1633 1654 declinarunt.
1687 1603 1835 1653 aliud.

74 1688 118 1721 20
141 1679 301 1728 mulsa
340 1681 442 1728 vini
474 1681 576 1729 acri
607 1680 744 1728 horis
777 1681 1032 1729 matutinis
1066 1680 1177 1729 data
1214 1678 1388 1728 (liebus
1418 1678 1552 1728 XXX
1583 1678 1837 1728 continuis
1928 1677 1942 1693 '

139 1754 449 1818 profuerunt.
519 1755 628 1819 pari
659 1754 816 1803 forma
856 1755 1008 1803 etiam
1048 1769 1108 1803 ex
1147 1759 1272 1803 testa
1313 1753 1507 1803 cerebri
1542 1754 1670 1804 asini
1701 1767 1836 1802 com-

140 1827 286 1876 busta
324 1829 449 1876 cinis
483 1827 625 1877 datus
657 1828 856 1893 profuit.
928 1829 999 1876 sic
1032 1827 1250 1877 althaeae
1276 1842 1437 1893 suciiS,
1470 1829 1541 1876 sic
1575 1825 1839 1890 coagulum·

139 1901 324 1966 leporis
364 1903 416 1950 in
462 1901 663 1951 modum
713 1904 853 1966 grani
901 1903 1006 1950 ervi
1051 1917 1142 1967 per
1181 1901 1286 1950 dies
1326 1866 1458 1950 XXX
1496 1902 1831 1949 ministratum

138 1975 276 2024 horis
316 1977 572 2031 matutinis
606 1975 948 2042 epilempticos
988 1975 1227 2024 liberavit.
1296 1990 1411 2025 nam
1451 1980 1499 2023 et
1537 1973 1833 2023 mulieribus

72 2058 115 2091 25
138 2049 565 2099 menstruantibus
604 2050 698 2099 hoc
737 2051 858 2100 vitio
896 2048 1234 2099 laborantibus
1275 2048 1408 2100 coire
1449 2050 1721 2098 conveniet.

259 2240 280 2279 1
302 2234 363 2281 si:
382 2235 449 2279 sic
466 2236 524 2281 B.
620 2249 676 2279 ex
692 2235 838 2280 corio:
857 2237 913 2291 cf.
931 2236 1064 2281 Aleoe.
1076 2239 1211 2293 1084.
1318 2240 1347 2279 4
1371 2249 1493 2291 capr.
1521 2247 1682 2278 carnes
1696 2235 1830 2280 habet

135 2296 273 2339 etiam
288 2295 414 2339 Ptin.
433 2300 515 2351 28,
530 2297 642 2342 226.
735 2299 761 2338 5
778 2294 985 2352 timpora.
995 2295 1054 2339 Β.-
1127 2299 1151 2338 7
1172 2308 1225 2339 eo
1241 2294 1379 2339 modo
1398 2297 1470 2351 (sc.
1489 2308 1575 2350 quo
1591 2294 1828 2351 supra).B:

136 2354 377 2398 commode
407 2355 530 2400 Neu.
741 2359 767 2398 9
800 2354 858 2398 de
891 2353 989 2398 eius
1021 2356 1074 2398 in
1103 2368 1196 2399 ras.
1228 2355 1287 2399 Β.
1328 2359 1406 2399 cet.
1439 2354 1496 2408 cf.
1529 2353 1663 2398 Aleae.
1688 2366 1738 2410 Ρ.
1766 2357 1830 2398 79

136 2413 281 2469 (Ptin.
305 2417 387 2469 28,
415 2415 508 2471 43).
668 2418 721 2457 11
755 2412 938 2468 exurgit
966 2413 1013 2458 Β
1037 2413 1206 2470 (Neu).
1363 2417 1415 2457 12
1447 2411 1531 2456 ille
1559 2426 1619 2457 sc.
1660 2412 1827 2470 Veryil.

132 2474 251 2517 ..Aen
278 2476 323 2529 6,
345 2448 438 2518 2’66
464 2472 545 2529 (sit
574 2472 692 2516 mihi
723 2474 834 2529 etc.)
1009 2477 1065 2516 14
1094 2471 1181 2517 hir.
1216 2485 1347 2530 sang.
1381 2472 1508 2516 Ptin.
1533 2475 1612 2527 30,
1632 2475 1705 2516 91.

136 2535 190 2574 15
224 2544 377 2588 aequa
408 2531 493 2575 sub
525 2533 591 2576 B:
631 2531 718 2576 sub
751 2544 924 2587 aequa.
936 2531 1050 2576 Neu.
1173 2535 1229 2575 16
1260 2530 1476 2575 oximelle
1507 2530 1744 2575 B.17
1776 2530 1828 2573 el:

135 2590 202 2635 Β·
234 2604 291 2633 ac
323 2591 442 2635 Neu.
633 2590 883 2635 mustellae
913 2589 1220 2647 reliquiarum
1241 2591 1307 2635 Β·
1339 2589 1568 2634 mustelae
1597 2587 1827 2645 reliquias

135 2650 277 2704 atque
308 2650 430 2694 Neu
454 2649 700 2706 (mustelae
731 2650 909 2695 cineres
933 2651 1059 2695 Ptin.
1077 2654 1153 2706 30,
1169 2651 1258 2706 34).
1291 2650 1350 2705 cf.
1387 2649 1502 2694 Cael.
1535 2649 1627 2694 clm·
1646 2651 1819 2704 1,128.

137 2710 192 2749 19
225 2707 580 2753 declinaverunt
610 2709 729 2754 Neu.
927 2713 984 2753 20
1014 2708 1169 2753 mulsa
1196 2707 1298 2752 vini
1329 2708 1445 2753 acri.
1476 2707 1679 2751 Multum
1707 2705 1852 2751 vina·

134 2764 261 2808 acria.
292 2767 337 2810 Β
362 2766 435 2822 (V
422 2781 503 2810 ma
531 2767 733 2811 multum
764 2782 803 2812 a
839 2768 992 2824 Neu).
1141 2767 1340 2826 triginta
1370 2767 1488 2812 Neu.
1545 2770 1686 2810 ..21
1717 2764 1828 2822 pari.

131 2837 189 2868 sc.
223 2823 364 2868 mulsi
395 2827 469 2881 (cf.
502 2826 635 2871 Ptin.
659 2831 737 2882 28,
769 2831 883 2872 225.
915 2828 1052 2872 etiam
1082 2827 1217 2873 Alex.
1239 2842 1290 2885 Ρ.
1315 2828 1409 2883 82).
1531 2802 1587 2870 22
1613 2825 1736 2869 altee
1758 2824 1831 2868 Β.-

133 2895 264 2939 coag.
288 2882 319 2927 1.
346 2883 480 2929 habet
510 2887 647 2929 etiam
672 2862 835 2951 Gc’m‘p.
862 2886 890 2930 Ζ.
915 2900 951 2931 c.
977 2883 1074 2943 (qui
1103 2887 1236 2932 addit
1260 2886 1505 2944 expertum
1527 2886 1628 2942 est).
1661 2885 1718 2939 cf.
1743 2883 1820 2927 Pl.

131 2945 214 2998 28,
238 2944 348 2988 224.
523 2947 577 2985 23
611 2942 730 2989 ervi:
761 2943 894 2988 orobi
932 2945 1042 2990 Gar.
1181 2947 1186 2952 ’
1248 2949 1304 2991 25
1332 2944 1494 3001 Garip.
1513 2945 1630 3001 (qui
1643 2943 1824 2988 diverso
