1988 3184
218 139 328 196 508

254 272 643 318 commotionibus
655 277 694 330 2,
704 277 774 318 47.
791 271 1019 317 desisten-

250 332 379 376 tibus
412 331 646 376 caloribus
672 336 712 387 2,
740 336 794 376 15
827 334 937 388 αα).

222 392 398 450 [desub
414 393 561 436 terra:
577 391 655 436 Ps.
671 391 756 435 Th.
768 405 816 447 p.
828 394 931 446 341,
940 393 1015 436 22.

221 450 458 504 detegere
489 452 563 506 (=
593 451 792 507 tegere):
839 449 1018 494 harena

249 508 405 552 calida
429 508 479 551 in
503 507 642 553 litore
665 508 771 553 loca
796 509 1015 565 detegere

248 568 324 624 (al.
350 569 509 623 tegere
530 567 656 624 Gar„
691 568 934 624 detergere
951 568 1015 626 B)

219 693 457 747 detergeo
478 693 525 736 B
551 693 763 749 (detergo
790 694 828 749 b,
862 694 1015 738 deter-

247 765 331 808 gas
369 751 489 796 Gels
526 753 609 796 ubi
645 766 722 810 eqo
755 752 1015 809 detergam)

247 815 286 865 2,
311 814 368 853 48
409 812 505 866 (ubi
535 812 653 855 deest
692 812 763 869 V).
799 812 1017 869 detergat

250 870 358 913 Ant.
379 870 463 914 Br.
482 873 588 914 128.
615 870 832 928 detergas
850 871 971 916 Add.
988 873 1014 916 b

248 933 286 984 1,
313 933 368 971 93
395 931 468 985 (ib.
497 929 717 986 terseris).
782 930 965 986 detergi
988 946 1014 975 r

245 990 401 1044 (—ges
428 990 471 1042 b)
498 988 590 1032 An.
617 991 669 1033 de
701 1003 786 1034 ves.
821 991 894 1046 (cf.
928 1005 1013 1033 un-

246 1060 365 1102 gueo
389 1048 461 1103 V).
495 1049 553 1102 cf.
589 1048 710 1093 Serv.
743 1050 795 1093 in
826 1050 941 1093 Aen.
969 1052 1013 1104 7,

247 1109 338 1150 626
357 1107 538 1161 (Thom.
573 1121 652 1152 ess.
671 1123 720 1164 p.
743 1111 848 1153 217.
881 1111 1010 1164 236).

218 1172 448 1217 detonsio
482 1172 760 1229 capillorum
785 1179 826 1231 2,
855 1179 923 1219 12.

218 1231 500 1289 [deveniret
541 1232 592 1275 in
622 1233 813 1276 modum
843 1233 1012 1291 mellis⁷

245 1290 509 1347 emplastri,
536 1292 695 1337 ceroti.
722 1293 834 1338 Ant.
867 1295 951 1338 Br.
971 1298 1012 1339 4.

245 1353 313 1392 27.
346 1354 417 1394 45.
450 1352 507 1405 cf.
540 1351 745 1396 Anthim.

214 1416 496 1461 deviaverit
524 1419 696 1462 natura
721 1424 761 1475 2,
790 1425 828 1463 6.
855 1424 924 1464 45.

213 1482 457 1527 devocare
493 1498 703 1528 umorem
733 1489 772 1541 1,
800 1490 866 1530 17.
903 1500 1011 1530 cau-

244 1555 343 1584 sam
362 1547 400 1598 2,
420 1546 475 1584 45
493 1549 571 1587 etc.
605 1545 661 1599 ef.
681 1558 876 1588 evocare
902 1559 1010 1589 cau-

244 1614 317 1643 sas
350 1600 552 1645 latentes
580 1608 626 1658 1,
653 1607 722 1648 24.
788 1607 1010 1648 evocatus

244 1660 300 1703 de
333 1660 649 1716 superioribus
680 1663 1010 1708 reumatismus

244 1723 282 1774 2,
310 1723 364 1761 58
397 1726 475 1764 ete.

213 1785 283 1828 di·
316 1791 420 1829 ante
450 1801 541 1831 voc.
577 1790 729 1842 (rust.)
758 1811 811 1825 =
838 1805 882 1834 z:
916 1792 1007 1835 vid.

240 1858 273 1887 s.
307 1845 617 1890 reumatizare
652 1850 712 1902 (et
754 1850 848 1893 ind.
886 1850 1006 1895 Cass.

241 1917 275 1946 3.
301 1917 331 1958 q
355 1918 404 1959 Ι).
421 1907 514 1949 250
538 1912 579 1949 et
602 1907 662 1950 ib.
687 1908 769 1950 sub
795 1911 853 1963 z).
878 1923 1011 1963 „cum

241 1963 402 2006 sibilo“
425 1965 544 2008 enim
562 1970 672 2009 ωηο
689 1968 1010 2021 proferebatur

244 2022 351 2074 (vid.
364 2022 507 2067 Prisc.
523 2027 560 2078 1,
580 2028 649 2068 31.
678 2024 797 2070 Serv.
817 2027 869 2069 in
880 2027 1007 2084 Very.

245 2080 565 2138 Geor9.2,126.
585 2084 642 2137 cf.
659 2084 858 2129 Thomas
866 2086 1010 2130 Essai

240 2152 320 2182 sur
336 2139 456 2184 Serv.
469 2156 517 2196 p.
532 2144 645 2198 226)
667 2143 743 2201 [cf.
762 2143 822 2187 ti·
839 2166 892 2207 ‚²
906 2144 1006 2203 ci-].

212 2204 478 2250 diachartu
510 2209 645 2252 deser.
681 2210 706 2253 b
738 2212 800 2254 ad
831 2216 872 2266 2,
907 2216 1004 2256 102.

211 2263 468 2309 dialimma
478 2266 747 2322 (dialemma
759 2270 1008 2314 VB=6L02=

239 2326 421 2380 λειμμα)
465 2325 553 2369 hoc
593 2329 664 2370 est
702 2327 1008 2373 intervallum

239 2382 460 2438 temporis
476 2386 612 2429 deser.
624 2391 665 2442 2,
677 2391 732 2429 45
745 2390 844 2444 (ubi
864 2389 1007 2432 decli-

238 2440 370 2484 natio
396 2444 436 2498 b)
468 2445 524 2498 cf.
553 2448 603 2500 2,
632 2450 729 2489 117.
764 2447 871 2492 Sim.
898 2463 931 2493 s.
964 2464 1004 2494 v.

211 2505 530 2561 diaprassiou
557 2512 633 2565 (cf.
653 2511 762 2556 Cass
787 2528 834 2569 p.
855 2517 929 2569 92,
946 2518 1007 2559 17

238 2566 333 2609 ind.
372 2581 420 2622 p.
452 2571 588 2623 201):
630 2570 941 2626 diaprassiom
969 2574 1014 2619 V

239 2624 301 2677 (b,
346 2624 616 2680 diaprasion
647 2629 710 2686 B)
746 2635 792 2686 2,
836 2636 904 2676 62.
946 2633 1003 2687 cf.

240 2680 554 2738 diaherpillon
584 2686 694 2732 Ant.
728 2690 813 2734 Br.
841 2693 911 2734 31.
953 2692 1007 2735 in

238 2740 308 2783 his
338 2743 470 2798 vulyo
501 2747 532 2786 fi
557 2759 646 2799 pro
676 2761 708 2789 u
740 2747 1006 2803 (diarobum

232 2811 321 2852 pro
354 2799 550 2844 diorobu
578 2807 632 2846 13
665 2808 773 2861 etc).

210 2861 475 2964 [02111181611111
486 2869 540 2923 (2²)
554 2867 701 2913 faciat
709 2871 885 2929 Add.1o.
897 2877 1005 2930 328,

1110 273 1219 319 dies
1239 275 1372 332 (θέης).
1395 283 1570 333 'semper
1590 280 1771 335 masc.):
1801 280 1947 337 post*-

1137 332 1332 377 tertium
1357 332 1483 378 diem
1499 339 1540 391 3,
1559 340 1628 381 23.
1648 341 1718 382 27.
1750 336 1802 382 in
1816 339 1911 384 ter-
1928 360 1938 397 j

1138 391 1259 436 tium
1291 391 1417 436 diem
1448 398 1489 450 2,
1515 398 1586 439 55.
1627 395 1752 441 circa
1783 396 1941 449 diem-f

1139 453 1322 495 sextum
1342 456 1380 508 7,
1407 457 1463 496 35
1489 454 1588 510 (ubi
1617 469 1781 501 wnusr
1804 461 1923 502 sex-⁴

1137 511 1266 567 tam).
1285 510 1411 555 circa
1436 511 1562 556 diem
1577 513 1771 559 tertium
1781 520 1821 573 2,
1837 521 1907 563 61.
1924 526 1959 561 ⁸.

1137 569 1241 626 (sub
1273 584 1367 614 uno
1393 570 1469 615 die
1511 572 1605 616 VB
1632 578 1672 630 2,
1697 579 1754 618 37
1777 590 1818 620 v.
1845 577 1908 634 L).

1138 627 1264 672 diem
1293 631 1544 674 venturum
1573 632 1654 676 rB
1678 639 1755 679 etc.
1774 639 1816 691 3,
1836 639 1908 680 16.
1955 681 1959 684 ,

1135 689 1213 732 sed
1236 687 1404 743 quinta
1420 691 1666 735 transacta
1699 692 1775 737 die
1801 699 1842 751 2,
1867 698 1908 739 5.

1136 745 1234 790 alia
1251 746 1327 791 die
1338 752 1378 804 2,
1395 752 1450 792 18
1477 751 1552 805 (cf.
1579 750 1737 807 Cass).
1770 767 1923 799 masc.
1959 776 1962 779 ·

1129 807 1396 864 plerumque
1419 810 1472 853 in
1496 809 1607 854 Ant.
1626 811 1711 856 Br.
1740 815 1809 858 38.
1837 817 1909 858 39.

1136 869 1207 909 45.
1240 870 1311 911 47.
1339 870 1408 910 80.
1444 871 1542 913 140.
1584 873 1671 912 209
1697 876 1789 927 θύα,
1829 873 1908 917 8εά

1135 923 1234 968 alia
1248 924 1324 969 die
1336 930 1359 968 1
1372 928 1470 983 (ubi
1480 933 1522 971 et
1534 927 1736 972 alterum
1751 930 1907 988 diem).
1976 966 1981 975 ‚

1137 987 1204 1028 78.
1250 988 1347 1029 137.
1413 985 1539 1030 diem
1576 987 1768 1032 tertiam
1806 994 1909 1035 146.

1134 1045 1304 1098 quarta
1329 1043 1405 1089 die
1431 1050 1501 1090 28.
1535 1050 1604 1091 19.
1639 1046 1744 1104 ipsa
1770 1048 1845 1093 die
1863 1053 1904 1094 5.
1982 1087 1988 1094 ..

1104 1102 1368 1148 diffamare
1418 1106 1489 1160 (in
1535 1107 1634 1151 bon.
1672 1111 1872 1165 partem)
1892 1126 1907 1153 .·
1986 1116 1988 1145 ἴ

1135 1162 1326 1206 trocisci
1350 1177 1539 1220 magma
1564 1166 1907 1222 approbatione

1138 1219 1503 1279 diffamatil‚71.
1535 1224 1709 1268 medici
1725 1225 1906 1270 iactan-
1983 1229 1988 1266 ἰ

1136 1279 1281 1324 tiores
1321 1281 1472 1325 veluti
1513 1297 1648 1327 suam
1683 1285 1907 1341 peritiam
1980 1289 1988 1333 ⁷?

1137 1338 1436 1385 diffamantes
1463 1346 1503 1398 2,
1532 1347 1600 1387 68.

1107 1399 1399 1445 differemus
1414 1400 1611 1446 vulnera
1629 1417 1656 1446 a
1671 1403 1814 1460 plena
1832 1419 1906 1449 sa-
1978 1396 1979 1402 ¹

1136 1458 1330 1503 natione
1356 1464 1395 1516 3,
1426 1465 1493 1505 77.
1983 1495 1988 1517 ,-

1106 1517 1478 1575 [diffumigatur
1523 1520 1692 1565 mulier
1737 1522 1905 1567 sedens
1984 1534 1988 1561 ἑ

1134 1577 1191 1620 de
1224 1579 1406 1622 storace
1431 1579 1594 1625 Antia.
1627 1581 1778 1626 Bruoe.
1799 1585 1840 1626 3.
1986 1615 1988 1621 ι

1102 1636 1320 1690 digestio
1346 1638 1659 1694 aegritudinis
1678 1646 1717 1697 2,
1737 1645 1804 1686 18.
1842 1641 1906 1685 ad
1984 1690 1988 1698 1

1131 1695 1322 1752 plenam
1369 1711 1538 1742 causae
1591 1698 1904 1756 digestionem
1980 1727 1988 1754 ,1

1132 1760 1172 1810 2,
1201 1760 1270 1799 12.
1304 1782 1359 1787 —
1395 1757 1437 1801 d.
1469 1758 1695 1802 venenosi
1727 1759 1902 1804 umoris
1979 1758 1988 1800 Ξ

1132 1818 1184 1870 2,
1230 1819 1300 1858 27.
1364 1814 1607 1861 inflatione
1671 1819 1903 1862 stomachi
1979 1819 1988 1835 ”

1132 1875 1206 1929 (ex
1229 1873 1367 1930 nigra
1389 1889 1446 1919 sc.
1474 1875 1680 1933 cholera)
1703 1878 1904 1922 necdum
1980 1892 1986 1917 ἰ

1133 1932 1319 1989 digesta
1344 1940 1392 1990 2,
1431 1939 1499 1979 96.
1545 1936 1607 1978 ad
1637 1936 1812 1980 umoris
1845 1951 1902 1981 ex
1984 1950 1988 1958 ¹

1130 1991 1323 2036 vulnere
1339 1992 1572 2037 venientis
1589 1994 1903 2051 digestionem
1984 2034 1988 2037 ,

1133 2055 1172 2107 1,
1199 2055 1267 2095 67.
1325 2051 1365 2094 si
1403 2052 1584 2097 saniem
1623 2054 1904 2111 collegerint

1129 2109 1285 2153 locum
1292 2125 1472 2167 punges
1483 2112 1545 2155 ad
1561 2112 1660 2156 eius
1676 2113 1901 2170 digestio-

1128 2183 1236 2213 nem
1254 2174 1293 2225 1,
1313 2174 1382 2214 90.
1416 2172 1472 2226 cf.
1495 2171 1613 2216 Cael.
1647 2174 1722 2217 cel.
1739 2176 1785 2229 2,
1810 2177 1901 2218 105

1131 2228 1315 2285 digesto
1349 2229 1574 2274 adjutorii
1605 2232 1797 2277 turbore
1821 2239 1902 2278 etc.

1130 2288 1172 2332 d.
1208 2290 1430 2344 sputuum
1454 2294 1494 2346 2,
1521 2295 1591 2335 21.
1647 2292 1708 2334 ad
1741 2305 1903 2336 eorum
1963 2339 1967 2349 ‚

1128 2349 1405 2405 (sputorum)
1423 2349 1803 2406 coagulationem
1822 2350 1902 2395 vel

1130 2406 1444 2463 digestionem
1490 2411 1565 2465 (sc.
1609 2408 1900 2468 flegmatum)
1956 2438 1964 2470 ·,

1129 2470 1169 2521 2,
1195 2470 1265 2509 59.
1299 2468 1355 2521 cf.
1377 2469 1517 2523 sputa
1534 2471 1731 2524 egerunt
1755 2470 1897 2526 baal„
1952 2483 1956 2529 ᾗ

1127 2526 1210 2568 ubi
1241 2524 1462 2581 digerunt
1480 2528 1564 2571 VB
1589 2533 1635 2583 2,
1662 2533 1718 2572 20
1749 2529 1901 2586 (quasi
1952 2546 1953 2550 ¹

1130 2583 1371 2640 degerunt.
1420 2587 1477 2640 cf.
1505 2591 1553 2643 2,
1578 2590 1636 2630 47
1674 2586 1898 2644 flegmata

1128 2641 1394 2698 digerentes
1434 2646 1516 2689 ubi
1552 2648 1796 2701 egerentes
1838 2649 1894 2704 r).

1125 2700 1372 2746 vulnerum
1395 2705 1442 2759 (i.
1470 2718 1504 2748 e.
1537 2718 1621 2760 per
1650 2704 1898 2749 vulnerum

1124 2763 1309 2804 meatus
1339 2761 1381 2805 d.
1412 2767 1451 2819 2,
1478 2767 1548 2807 62.
1582 2763 1898 2809 aemorroida·
1937 2766 1942 2778 ¹

1124 2832 1228 2861 rum
1259 2819 1509 2864 sollemnes
1543 2821 1829 2879 digestiones
1853 2828 1896 2881 2,

1125 2880 1196 2921 49.
1230 2903 1286 2910 —
1303 2880 1514 2935 tempore
1547 2879 1826 2937 digestionis
1851 2886 1894 2939 2,
1937 2904 1940 2911 ¹

1126 2939 1196 2979 95.
1235 2950 1336 2993 opp.
1362 2936 1620 2995 indigestio
1653 2944 1693 2997 2,
1728 2945 1785 2985 84
1815 2946 1892 2987 etc.
1934 2988 1935 2991 ,
1987 2970 1988 2973 =
