1988 3184
707 110 974 153 ΕΡΙΤΟΜΕ
1003 109 1253 164 ALTERA.
1721 104 1831 158 469

45 282 94 313 ’ᾗ
146 307 284 352 nobis
321 307 530 352 reddere.
581 307 881 352 dominantur
926 308 1086 351 autem
1122 306 1173 350 in
1212 305 1359 350 oculis
1396 304 1570 350 nostris
1615 304 1835 348 humores

146 376 258 431 tres,
290 374 340 418 id
365 377 436 419 est
468 373 620 418 salsus
644 373 829 430 gelidus
853 372 1068 430 frigidus.
1103 371 1160 415 de
1184 370 1258 415 his
1282 370 1341 415 in
1368 369 1740 416 obtalmicum
1762 368 1833 412 li-

147 441 307 485 brum
337 441 481 486 latius
513 439 794 496 scripsimus,

59 222 62 226 .
113 240 416 411 {nominibus
457 240 769 298 appellantur.
819 240 904 285 alii
942 239 1106 284 dicunt
1142 240 1386 284 humorem
1422 237 1639 283 inflatum
1679 237 1835 282 visum

59 338 94 376 b

789 558 866 603 VI.
898 558 974 601 De
1007 570 1184 602 aures.
1878 567 1900 600 5

266 623 463 668 Aurium
492 626 758 668 nostrorum
789 624 910 667 duae
940 622 1112 667 iterum
1149 622 1305 667 fistule
1343 623 1507 667 dextra
1545 622 1744 677 levaque
1777 635 1835 665 ex

148 690 313 734 eodem
337 690 614 734 'membrano
645 689 885 733 incidente
916 689 1174 746 iunguntur
1206 689 1388 733 ossibus
1421 689 1695 744 auriumque
1728 702 1834 732 ossa

145 755 397 801 beloniade
429 755 742 813 appellantur,
781 755 947 800 ultime
977 757 1136 812 partes
1168 755 1352 800 aurium
1389 755 1440 799 in
1479 755 1649 811 quibus
1680 768 1834 811 reper-

149 837 285 867 cussa
316 837 407 867 vox
437 821 681 866 intellecto
712 821 816 879 ipso
847 821 1119 866 membrano
1151 821 1330 866 cerebri
1359 821 1572 866 remittit.

737 940 835 985 VH.
869 940 946 984 De
977 939 1228 984 naribus.
1859 952 1903 982 10

265 1005 397 1050 Duae
422 1021 580 1050 rursus
604 1006 759 1050 fistule
785 1020 841 1050 ex
863 1006 1047 1051 mediae
1071 1006 1220 1063 partis
1246 1006 1424 1050 cerebri
1447 1019 1595 1062 usque
1627 1005 1690 1049 ad
1714 1020 1836 1048 sum-

147 1086 248 1116 mas
282 1072 595 1129 cartelagines
635 1073 820 1117 narium
850 1074 1123 1130 procedunt,
1164 1074 1249 1117 sub
1290 1072 1460 1129 quibus
1499 1074 1663 1116 tenues
1695 1071 1836 1115 unica

148 1138 401 1196 singularis
443 1139 609 1183 subtus
648 1139 863 1196 palatum
900 1154 1047 1196 usque
1090 1140 1308 1184 defertur.
1349 1153 1439 1195 que
1470 1138 1703 1183 foramina
1744 1138 1836 1181 duo

148 1208 319 1250 exeunt
349 1205 399 1249 in
430 1205 566 1263 facie,
605 1206 687 1262 qui
719 1206 1005 1251 ventositate
1037 1206 1162 1251 foras
1195 1206 1430 1263 emittunt,
1464 1220 1580 1262 quas
1612 1204 1740 1262 greci
1763 1218 1836 1247 ro-

147 1272 318 1316 thonas
351 1271 595 1330 appellant
626 1273 677 1317 id
710 1276 781 1317 est
812 1287 960 1318 nares
1861 1280 1903 1312 15

747 1391 866 1435 VHI.
899 1390 975 1434 De
1008 1391 1242 1435 cervice.

268 1457 372 1500 Una
402 1470 512 1500 vero
545 1456 701 1500 fistola
732 1460 868 1501 tensa
908 1458 1049 1512 atque
1088 1458 1282 1501 robusta
1315 1471 1420 1499 cum
1456 1457 1592 1512 parte
1632 1455 1838 1510 quadam

150 1521 329 1566 cerebri
359 1535 443 1578 per
473 1521 682 1565 medium
714 1522 907 1567 cervicis
934 1523 1160 1567 sfondilos
1188 1523 1393 1567 defertur
1415 1521 1718 1578 iungiturque
1742 1535 1838 1564 me-

151 1587 280 1631 dullo
322 1587 475 1644 spine,
517 1601 573 1631 ex
612 1602 703 1643 quo
742 1590 843 1632 toto
877 1603 1067 1645 corpore
1100 1602 1260 1632 sensus
1292 1588 1374 1644 qui
1403 1589 1584 1632 tactum
1618 1585 1835 1630 manibus

149 1654 226 1699 vel
256 1654 455 1711 pedibus
487 1656 669 1711 prestat
691 1654 973 1700 intellectus,
1008 1656 1134 1710 quod
1159 1658 1266 1699 sunt
1288 1669 1405 1699 vene
1430 1656 1619 1711 gutture
1643 1651 1834 1697 maioris
1860 1660 1903 1691 20

61 1742 94 1772 ,ὁ
150 1735 267 1777 quas
293 1720 594 1777 sanguinales
619 1735 852 1766 vocamus.
887 1724 1122 1778 quattuor,
1157 1721 1260 1777 due,
1286 1734 1375 1776 que
1401 1734 1576 1777 organa
1603 1719 1835 1774 dicuntur,

61 1782 94 1827 β’
150 1789 198 1831 et
239 1787 349 1843 due,
391 1801 419 1830 a
450 1786 708 1831 visceribus
751 1787 991 1832 venientes
1033 1787 1277 1844 subposita
1317 1786 1484 1843 oculis,
1534 1800 1650 1841 quas
1690 1798 1835 1841 genas

149 1867 385 1910 vocamus,
419 1853 589 1909 quibus
623 1853 803 1897 coherit
832 1853 1058 1910 palatum.

84 2005 91 2013 ,
711 1957 853 2001 VIIII.
894 1957 970 2000 De
1004 1957 1285 2001 dentibus,

60 2017 92 2084 Ξ
118 2012 130 2077 ἶ
267 2022 442 2067 Dentes
474 2037 584 2067 vero
616 2023 766 2067 nostri
800 2026 908 2067 sunt
939 2023 1122 2080 XXXII,
1155 2023 1408 2068 femineum
1440 2026 1487 2067 et
1512 2022 1837 2068 duribarbium
1861 2027 1902 2060 25

270 2153 292 2190 1
327 2147 615 2191 inominibus
649 2149 699 2192 U.
793 2148 1028 2204 apellatur
1051 2150 1103 2194 P.
1196 2148 1331 2192 inflat
1354 2150 1408 2193 P.
1502 2153 1527 2191 3
1553 2148 1582 2191 i.
1601 2148 1756 2204 (idest)
1775 2148 1835 2192 P:

148 2219 232 2250 om.
274 2206 379 2250 UG.
474 2209 522 2250 et
554 2207 628 2263 (de
660 2206 751 2263 his)
784 2209 890 2252 add.
928 2208 982 2252 G.
1011 2240 1013 2242 -
1084 2212 1109 2250 5
1140 2207 1209 2251 De
1243 2207 1425 2251 aurium
1454 2207 1690 2264 positione
1731 2206 1835 2250 UG.

149 2270 175 2308 6
201 2265 406 2308 Aureum
428 2267 692 2309 nostrorum
724 2266 784 2310 P:
817 2266 964 2310 Aures
995 2268 1180 2310 nostras
1221 2267 1326 2311 UG.
1448 2267 1537 2309 due
1578 2266 1628 2321 U,
1663 2265 1752 2323 due
1781 2265 1837 2309 G.

267 2325 452 2367 uterum
482 2324 536 2367 P.
629 2323 784 2382 fistule
821 2325 874 2369 G.
972 2329 995 2368 7
1027 2326 1298 2368 membrano
1339 2325 1451 2370 UG:
1483 2323 1763 2367 mimbranci
1782 2324 1836 2369 P.

268 2381 516 2426 incedente
556 2383 660 2427 UG.
755 2387 780 2426 8
812 2383 1064 2427 beloniade
1105 2384 1217 2429 UG:
1250 2383 1500 2427 beloniade
1533 2384 1586 2427 P.
1677 2382 1840 2439 appel-

148 2441 275 2484 latur
306 2441 358 2485 P.
483 2455 677 2484 aureum
708 2442 761 2486 P.
915 2447 940 2485 9
972 2456 1065 2486 nox
1097 2443 1150 2487 P.
1303 2442 1598 2487 intellectum
1628 2441 1842 2498 ipsorum

147 2499 358 2544 membra
390 2514 429 2545 e.
462 2514 496 2544 r.
535 2500 588 2544 G.
685 2505 737 2543 11
771 2500 928 2545 media
958 2503 1116 2557 partes
1157 2501 1262 2546 UG.
1360 2507 1413 2545 12
1448 2501 1750 2557 cartilagines
1783 2501 1836 2546 U.

266 2572 461 2602 nareum
491 2558 545 2603 P.
667 2558 806 2603 unica
839 2560 900 2604 P:
932 2574 1084 2604 unaca
1119 2561 1174 2617 G,
1207 2574 1385 2605 venaca
1426 2562 1475 2605 U.
1593 2565 1647 2603 13
1681 2559 1839 2617 singo-

146 2617 260 2660 laris
293 2617 346 2662 P.
477 2619 640 2674 suptus
673 2617 726 2662 P.
850 2633 939 2676 que
980 2620 1084 2663 UG.
1208 2625 1265 2663 14
1300 2619 1461 2663 exiunt
1492 2620 1545 2664 P.
1668 2623 1724 2663 25
1756 2632 1839 2663 vo-

147 2677 258 2719 cant
292 2675 346 2720 G.
469 2680 524 2719 17
554 2678 739 2732 partem
765 2677 945 2733 P(—-›t‹³.
986 2678 1061 2734 U).
1197 2682 1252 2721 18
1284 2678 1487 2722 fondilos
1521 2678 1618 2724 UG.
1741 2691 1838 2722 me-

149 2733 279 2778 dulla
312 2734 416 2779 UG.
512 2739 565 2777 19
597 2737 750 2779 totum
775 2738 897 2793 (-1“1)
922 2736 1126 2793 corporis
1152 2737 1257 2782 UG.
1344 2742 1399 2781 20
1429 2737 1481 2781 in
1512 2739 1702 2795 gutture
1728 2737 1835 2783 UG.

264 2792 465 2837 maiores
506 2793 611 2838 UG.
734 2799 787 2837 21
822 2797 1023 2851 quatuor
1046 2797 1100 2840 P.
1225 2796 1314 2856 due
1343 2797 1398 2842 G.
1522 2810 1694 2854 organe
1727 2796 1833 2841 UG.

148 2856 205 2896 23
237 2851 418 2895 coherit
450 2852 512 2897 P:
547 2852 694 2897 coerit
733 2854 785 2908 U,
817 2853 995 2913 ceperit
1029 2854 1084 2899 G.
1123 2894 1125 2896 .
1229 2860 1286 2899 24
1316 2855 1386 2900 De
1420 2855 1639 2900 dentibus
1670 2857 1733 2901 P:
1766 2856 1836 2899 De

150 2911 313 2955 dentes
355 2910 460 2956 UG.
586 2915 641 2955 25
673 2911 920 2957 fimeneum
952 2913 1008 2970 P,
1039 2913 1291 2958 feminibus
1331 2915 1437 2961 UG.
