1988 3184
219 111 328 167 304
769 106 1344 152 PsnuDo-Tnsonom

337 244 478 288 Item
514 243 576 286 ut
611 238 817 284 mulier
854 239 1123 294 corrupta
1164 236 1329 294 virgo
1376 239 1670 294 appareat.
1730 237 1911 298 recipit

121 323 125 328 “
218 309 409 353 mirram
431 308 643 351 libanum
659 303 944 350 colofonium
957 303 1111 360 picem
1127 302 1524 361 auripigmentum
1538 304 1702 349 bolum
1723 304 1914 363 gallam-
1932 311 1936 315 '

219 375 357 420 aloen
387 388 586 432 gypsum
609 386 753 416 cornu
776 369 1016 415 cervinum
1037 369 1238 414 incisum
1262 369 1615 415 aristolochiam
1636 372 1900 418 rotundam,

219 440 461 498 pulverem
490 439 565 483 fac
598 441 646 483 et
676 440 819 482 utere.

176 520 198 552 5
337 507 421 550 Ad
452 503 735 549 stomachi
766 503 1033 548 dolorem.
1089 502 1392 559 argentillam
1422 517 1529 548 cum
1557 502 1667 547 vino
1698 503 1823 548 bono
1854 505 1904 548 et

221 573 381 630 pipere
411 571 560 615 bibat.
1963 608 1965 610 .

336 637 641 694 Epithema
679 637 827 692 quod
869 637 1126 680 ventrem
1163 635 1291 692 plus
1331 635 1509 680 solvit
1547 649 1711 691 quam
1749 649 1904 681 cero·
1968 684 1970 686 ,

220 708 347 750 tum.
409 703 578 761 recipit
617 702 890 760 cyclaminis
928 701 1161 759 radicum,
1209 701 1394 746 elaterii
1436 704 1485 746 et
1525 701 1745 746 foliorum
1790 702 1904 759 eius,
1972 760 1974 763 .

221 770 416 816 ellebori
448 769 546 814 albi
573 771 621 814 et
642 769 780 827 nigri,
815 769 978 814 scillae
1001 768 1115 813 nitri
1143 768 1409 813 scamoniae
1441 768 1642 813 euforbii
1674 782 1765 813 ana
1787 779 1846 817 ÷
1869 769 1906 826 I,

156 852 198 883 10
226 836 518 892 stafisagriae
550 847 609 885 -ζ-
631 837 666 892 Ι,
700 850 833 880 cerae
866 838 914 881 et
943 836 1062 893 picis
1095 849 1187 879 ana
1217 847 1277 884 ÷
1299 835 1354 892 V,
1396 835 1488 880 olei
1525 835 1698 880 veteris
1720 835 1904 883 ÷111L

219 905 317 947 tere
350 905 397 946 et
420 903 563 947 misce
589 917 695 947 cum
719 916 828 947 suco
853 903 1119 958 herbarum,
1153 903 1330 947 addens
1355 902 1480 946 fellis
1504 901 1682 946 taurini
1705 903 1741 954 3
1765 901 1904 948 XXX.
1982 933 1988 948 ,

220 969 361 1013 induc
400 968 548 1014 linteo
588 971 642 1013 ut
679 971 834 1013 totum
871 971 1084 1013 ventrem
1121 971 1282 1013 teneat
1321 970 1369 1013 et
1405 970 1514 1025 post
1559 967 1678 1025 galli
1716 970 1908 1012 cantum

222 1035 421 1092 impone.
470 1050 576 1079 cum
609 1035 748 1080 sellas
779 1035 1042 1093 perfecerit,
1074 1035 1220 1079 intret
1250 1035 1484 1080 balneum.

339 1101 678 1146 Antidotum
702 1102 772 1146 ad
794 1101 1120 1146 memoriam
1142 1101 1534 1147 revocandam.
1566 1100 1736 1157 recipit
1751 1100 1908 1157 spicae

157 1180 199 1213 15
224 1167 402 1224 agarici
433 1167 687 1225 zingiberis
719 1183 811 1213 ana
834 1175 863 1220 3
887 1169 928 1225 I,
959 1167 1135 1225 piperis
1159 1168 1269 1224 511,
1302 1167 1421 1212 costi
1452 1167 1580 1212 aloes
1615 1167 1910 1212 alexandrini
1979 1169 1988 1223 ζ

223 1233 411 1278 seminis
446 1234 675 1279 absinthii
705 1234 877 1292 prassii
907 1233 1181 1291 hyoscyami
1213 1248 1304 1279 ana
1327 1240 1356 1286 5
1379 1235 1414 1292 Ι,
1457 1234 1610 1279 mellis
1645 1233 1910 1292 despumati
1985 1231 1988 1266 ἶ

223 1300 348 1356 quod
380 1300 565 1345 sufficit.
1743 1344 1750 1352 ,

340 1366 663 1424 Fumigium
696 1369 765 1411 ad
798 1367 1228 1412 haemorroides
1260 1366 1585 1412 mirificum.
1647 1381 1769 1424 pone
1801 1381 1909 1411 can-
1983 1382 1988 1386 ⁴

224 1431 450 1488 thar-idas,
485 1433 637 1490 spolia
662 1433 906 1491 serpentis,
938 1434 1261 1490 peucedanum
1285 1432 1561 1490 aequaliter,
1585 1433 1656 1477 ita
1679 1435 1733 1478 ut
1755 1433 1910 1477 fumus

157 1512 199 1543 20
223 1497 401 1542 ibidem
429 1500 666 1544 ascendat.

339 1565 698 1621 Unguentum
721 1566 988 1610 mirabile
1013 1567 1162 1622 quod
1185 1566 1333 1610 facit
1358 1565 1615 1610 arthriticis
1639 1565 1910 1609 ischiadicis

222 1630 497 1687 paralyticis
530 1631 690 1675 colicis
723 1634 771 1676 et
795 1633 857 1677 ad
889 1646 1072 1676 omnem
1112 1632 1321 1677 dolorem
1352 1635 1400 1676 et
1439 1633 1500 1676 ad
1545 1646 1704 1677 omnes
1734 1634 1908 1689 guttas

223 1696 391 1753 recipit
422 1697 601 1742 salviae
634 1697 828 1742 sabinae
859 1698 1177 1743 calaminthae
1216 1699 1364 1756 puleii
1402 1701 1536 1743 rutae
1570 1698 1771 1744 samsuci
1802 1699 1911 1742 cha-

224 1763 445 1819 maemyli
478 1763 641 1808 scillae
680 1764 909 1808 absinthii
947 1764 1067 1808 ireos
1109 1765 1237 1809 acori
1268 1765 1427 1822 cyperi
1461 1765 1597 1822 ysopi
1629 1764 1759 1809 aneti
1789 1763 1912 1809 lauri

162 1840 203 1872 25
226 1829 444 1873 foliorum
476 1830 686 1874 sambuci
724 1831 903 1876 herbae
929 1867 937 1875 .
960 1866 998 1875 ..
1026 1830 1244 1875 althaeae
1275 1831 1448 1875 radicis
1480 1831 1706 1888 bryoniae
1737 1830 1910 1874 radicis

225 1895 395 1951 prassii
426 1896 644 1941 abrotoni
667 1897 887 1942 foliorum
911 1897 1242 1942 aristolochiae
1266 1898 1498 1942 rotundae
1526 1896 1719 1954 serpylli
1749 1896 1909 1940 inulae

227 1961 555 2007 aristolochiae
610 1964 779 2020 longae
833 1978 938 2007 cum
983 1963 1110 2008 foliis
1158 1963 1428 2008 artemisiae
1483 1964 1688 2008 antulae.
1753 1976 1911 2007 omnes

226 2027 395 2071 herbas
426 2028 572 2084 pista,
607 2032 654 2074 et
685 2029 735 2073 in
764 2029 875 2074 vino
908 2029 1085 2087 optimo
1121 2030 1285 2074 diebus
1317 2030 1468 2075 tribus
1500 2032 1734 2074 maneant.
1798 2032 1910 2073 tunc

228 2107 373 2149 coque
404 2094 512 2139 illas
543 2095 594 2139 in
625 2097 791 2141 eodem
820 2096 931 2141 vino
964 2099 1012 2141 et
1042 2099 1207 2153 torque
1239 2096 1290 2140 in
1319 2111 1475 2154 panno
1510 2097 1564 2140 ut
1596 2095 1744 2140 omnis
1777 2109 1910 2140 umor

162 2169 204 2200 30
229 2162 376 2216 exeat,
410 2163 457 2204 et
486 2164 599 2206 tunc
633 2163 754 2207 adde
787 2163 953 2208 oleum.

1980 1123 1988 1150 a..
1977 1083 1988 1114 a*

348 2334 371 2372 1
404 2319 445 2373 U
476 2331 583 2375 0-(3
614 2345 693 2375 cor
723 2332 795 2376 vir
827 2335 1067 2389 appareat.
1102 2335 1144 2387 Ba
1169 2335 1207 2378 b.
1324 2337 1349 2375 2
1382 2331 1569 2376 colofoii
1600 2333 1661 2376 b.·
1739 2335 1765 2374 3
1798 2330 1911 2375 arist

230 2401 269 2431 o.
301 2387 548 2433 Pulverem
573 2427 581 2434 .
605 2426 642 2435 ..
677 2393 715 2435 b.
840 2396 864 2435 7
896 2391 1138 2448 Epithima
1164 2394 1207 2441 b.
1330 2397 1356 2435 8
1389 2394 1430 2443 R
1463 2393 1502 2436 b.
1637 2389 1684 2435 O.
1715 2389 1912 2434 radices.

229 2444 462 2491 Electerii.
497 2450 544 2492 et
574 2448 690 2492 folia
722 2451 760 2494 b.
907 2456 932 2494 9
965 2449 1135 2519 squ—ille
1166 2452 1205 2495 b.
1359 2454 1413 2493 10
1446 2448 1536 2494 ol’o
1569 2451 1607 2494 b.
1761 2453 1814 2492 11
1848 2447 1913 2492 fel

230 2518 419 2584 taurini]
452 2523 491 2565 b.
612 2521 716 2564 idul
743 2522 749 2579 Ι
779 2524 818 2567 b.
942 2528 996 2566 15
1029 2530 1099 2575 35.
1134 2537 1225 2567 ana
1255 2527 1298 2575 3.
1329 2522 1460 2581 Pipis
1481 2559 1489 2568 .
1510 2558 1518 2566 .
1540 2557 1550 2567 .
1569 2524 1607 2567 b.
1738 2521 1842 2565 aloe
1874 2522 1912 2566 b.
1986 2563 1988 2566 .

232 2581 286 2618 16
316 2578 569 2642 iusquiami
601 2581 639 2624 b.
750 2585 803 2624 18
837 2582 1122 2626 emorroidas
1155 2584 1193 2627 b.
1317 2586 1371 2625 19
1406 2581 1582 2638 spentis
1617 2581 1719 2637 (sic)
1754 2582 1795 2625 b.
1984 2591 1988 2626 ἕ

228 2636 542 2688 peucidanum
572 2639 610 2682 b.
763 2644 816 2682 21
852 2640 1110 2684 artheticis.
1143 2639 1350 2684 sciaticis
1383 2642 1421 2685 b.
1581 2643 1637 2683 23
1671 2638 1842 2683 Sauine
1876 2640 1915 2683 b.
1981 2645 1988 2672 1³

349 2693 633 2739 Calamentis
665 2698 703 2741 b.
827 2697 1022 2742 Sansuci
1055 2701 1090 2742 b.
1187 2698 1460 2743 Camomille
1493 2700 1531 2743 b.
1632 2702 1690 2741 24
1722 2696 1916 2753 Squille.
1972 2730 1976 2743 2

231 2748 442 2793 Absincii
475 2755 512 2796 b.
606 2758 660 2796 25
686 2755 866 2799 sabucii
891 2759 930 2801 b.
1020 2757 1179 2803 Herba
1210 2757 1322 2802 luia.
1355 2757 1492 2802 Altee
1518 2759 1556 2801 b.
1650 2760 1707 2800 26
1731 2755 1915 2800 Prassfi.
1962 2795 1966 2799 .

232 2805 474 2853 Abrotani.
524 2810 759 2855 Foliorum
798 2814 911 2858 arist
950 2829 989 2859 o.
1025 2815 1226 2873 Serpilli.
1269 2815 1432 2876 Enule.
1476 2814 1613 2860 Arist.
1654 2814 1691 2857 L
1723 2819 1780 2859 cu
1810 2813 1842 2859 f.
1877 2815 1915 2859 b.

234 2897 288 2937 27
320 2894 493 2939 Antule
527 2898 629 2952 (sie)
665 2900 702 2943 b.
795 2904 850 2943 28
881 2901 1008 2958 pista
1039 2905 1078 2949 b.
1172 2908 1227 2949 29
1259 2886 1335 2960 {Q
1368 2905 1586 2961 (quoque)
1619 2904 1657 2949 b.
1758 2901 1844 2946 1115.
1875 2902 1914 2947 b.
