1988 3184
61 284 107 338 4

0 2350 14 2394 5
64 2327 100 2379 5

539 11 541 13 ’
592 9 621 33 ’9

475 150 936 196 mmo'rARmM
965 149 1412 194 BRUXELLENSE.
1681 146 1789 200 365

257 286 457 352 Hygra
496 286 677 335 dicitur
716 289 858 355 quasi
898 287 1111 336 solutum
1150 286 1418 351 collyrium.
1458 301 1572 334 nam
1611 285 1790 334 dicitur

111 360 531 426 panchreston.
582 359 699 407 facit
744 366 908 408 autem
943 360 1113 408 multis
1158 359 1471 425 passionibus
1510 357 1788 422 approbate.

35 438 38 440 ’
113 434 173 484 ad
218 429 519 498 synanchen.
588 447 751 495 penna
802 432 982 481 illitum
1035 432 1258 482 faucibus
1314 432 1469 481 solvit.
1539 431 1789 479 ulceribus

34 560 37 561 Β
111 521 227 556 vero
282 508 476 556 aurium
521 505 724 569 prodest
777 521 891 554 cum
944 505 1089 554 melle
1143 507 1290 554 attico
1338 511 1386 553 et
1439 507 1551 553 vino
1599 503 1791 568 aequali

26 615 29 621 ⁴
111 579 329 644 pondere
377 579 592 629 solutum
639 577 1047 643 calefactumque,
1093 578 1152 626 ad
1199 578 1493 642 otenchyten
1531 579 1791 626 inmissum
1836 585 1856 617 5

113 659 162 702 et
199 668 299 702 non
339 652 561 701 effusum.
599 651 767 703 ulcera
804 651 1024 700 locorum
1063 653 1281 699 omnium
1320 650 1560 715 emendat,
1602 651 1790 714 praeci-

112 741 208 790 pue
261 732 427 774 tamen
481 724 736 773 oculorum
789 726 889 772 oris
943 723 1134 772 illitum.
1190 723 1386 772 duritiis
1435 725 1582 771 etiam
1626 722 1790 786 palpe-

111 798 312 847 brarum
352 801 423 847 sic
464 798 707 862 quomodo
748 798 1025 846 confectum
1057 812 1108 844 se
1140 796 1287 844 habet
1326 802 1379 844 ut
1416 811 1599 860 pyrene
1635 795 1790 844 meles

112 873 417 936 intinguatur
454 871 531 919 vel
574 876 815 935 tangatur.
873 871 1164 934 asperitates
1203 884 1318 917 vero
1366 869 1560 917 deintus
1599 874 1790 917 veteres

111 945 455 1009 palpebrarum
488 950 639 1010 sanat,
672 944 936 1008 albedines,
969 942 1265 991 suffusiones
1298 942 1694 989 membranorum
1731 941 1789 988 de
1816 950 1856 981 10

113 1018 268 1067 oculis
309 1024 546 1084 expurgat
578 1033 748 1066 omnes
789 1017 848 1065 ad
886 1031 1071 1081 pyrena
1100 1014 1253 1062 meles
1289 1016 1556 1063 inunctum.
1596 1029 1790 1061 morsus

114 1093 333 1140 omnium
373 1093 675 1155 serpentium
717 1095 870 1156 curat,
910 1091 1010 1137 sive
1050 1090 1349 1136 intrinsecus
1388 1093 1507 1151 potu
1544 1087 1709 1135 datum
1741 1088 1792 1133 in

111 1166 224 1213 vino
274 1170 322 1213 et
368 1164 474 1212 oleo
527 1164 656 1213 bono
710 1165 819 1228 pari
863 1177 1096 1211 mensura
1151 1166 1386 1224 quantum
1440 1160 1621 1209 sufficit
1669 1159 1792 1207 cale-

112 1238 310 1303 factum,
350 1253 439 1286 seu
477 1237 660 1286 deforis
699 1252 860 1302 penna
899 1235 1146 1284 illinitum.

261 1313 400 1359 cuius
441 1312 728 1375 compositio
755 1309 879 1358 talis
920 1315 1008 1357 est.
1048 1307 1309 1356 aeraminis
1342 1305 1585 1354 combusti
1614 1305 1714 1353 unc
1736 1304 1792 1368 II,
1819 1314 1857 1346 15

114 1386 294 1432 11115605
328 1385 477 1432 assati
510 1385 825 1448 semunciam,
863 1396 1058 1431 murrae
1083 1379 1434 1443 troglodyticae
1459 1377 1557 1426 unc
1587 1378 1621 1442 I,
1661 1379 1793 1426 croci

115 1459 438 1523 semunciam,
476 1459 611 1521 passi
648 1458 820 1505 cretici
862 1456 1130 1518 heminam,
1177 1453 1363 1516 piperis
1403 1452 1677 1499 communis
1717 1465 1791 1498 se-

113 1532 374 1599 munciam,
412 1532 514 1578 vini
545 1531 755 1578 aminaei
796 1528 991 1577 candidi
1023 1526 1153 1590 quod
1187 1525 1379 1572 sufficit.
1420 1525 1648 1571 universa
1681 1537 1793 1570 cum

115 1603 317 1651 dimidio
371 1605 473 1651 vini
524 1605 577 1652 in
629 1604 864 1651 mortario
919 1601 1040 1648 teris
1094 1613 1191 1662 per¹
1237 1597 1342 1645 dies
1396 1611 1600 1644 numero
1647 1595 1791 1643 XXII.

114 1676 319 1740 proinde
374 1676 618 1740 reliquum
670 1677 838 1724 vinum
892 1674 1196 1737 permiscens
1252 1685 1363 1718 cum
1408 1684 1553 1732 passo
1610 1670 1791 1716 cretico
1818 1679 1859 1710 20

115 1765 285 1813 coque.
334 1751 567 1813 agitatum
604 1747 874 1797 transcolas
913 1748 965 1793 in
1011 1744 1316 1807 trullionem,
1365 1742 1450 1790 sed
1498 1747 1545 1790 et
1583 1742 1793 1790 inmittis

116 1822 263 1871 simul
310 1837 458 1886 supra
501 1827 769 1870 memorata
808 1820 868 1868 de
915 1818 1149 1866 mortario
1190 1818 1240 1863 in
1286 1817 1450 1878 ipsum
1495 1814 1792 1863 trullionem.

114 1901 233 1944 tunc
271 1910 386 1944 vero
433 1894 699 1944 levioribus
746 1890 1041 1942 carbonibus
1090 1888 1405 1952 supradatum
1454 1887 1567 1950 [hoc
1607 1892 1682 1935 est
1720 1888 1792 1934 in-

113 1968 350 2032 positum]
399 1968 682 2017 trullionem
728 1966 861 2013 omni
905 1964 1026 2011 hora
1065 1964 1218 2025 agitas
1227 2000 1241 2026 ,
1291 1976 1353 2008 ne
1400 1959 1482 2008 illa
1522 1975 1645 2023 quae
1686 1974 1792 2022 gra-

114 2043 249 2090 viora
296 2057 403 2090 esse
450 2041 678 2089 videntur
716 2041 768 2086 in
807 2036 956 2086 fundo
997 2040 1280 2083 remaneant
1334 2039 1382 2081 et
1429 2033 1790 2081 comburantur.
1817 2040 1858 2072 25

116 2129 231 2178 crgo
277 2114 516 2163 movenda
563 2118 678 2161 sunt
725 2113 829 2159 51116
876 2109 1256 2157 intermissione.
1309 2112 1357 2154 et
1404 2121 1516 2154 cum
1562 2105 1792 2153 fervendo

115 2189 167 2235 in
204 2187 404 2236 modum
443 2186 602 2235 mellis
641 2184 914 2247 devenerit,
960 2180 1297 2244 infrigidatum
1334 2193 1447 2226 vase
1493 2180 1649 2226 vitreo
1691 2193 1792 2225 ser-

119 2275 232 2309 vare
273 2259 490 2308 debebis,

263 2333 342 2381 Ad
382 2336 744 2394 conceptum.
784 2327 967 2391 leporis
999 2325 1190 2374 vulvam
1222 2339 1382 2373 assam
1413 2325 1534 2371 teris
1567 2328 1615 2370 et
1651 2321 1790 2370 dabis

236 2462 260 2500 1
292 2457 431 2513 ana
462 2457 519 2499 Β.
643 2459 668 2496 2
699 2452 988 2509 pancristum
1019 2451 1063 2493 Β
1098 2451 1173 2505 (cf.
1206 2449 1331 2492 Aetia·
1357 2452 1398 2502 7,
1422 2451 1517 2502 99).
1626 2460 1791 2503 appro-

115 2516 258 2560 batae
291 2516 349 2560 Β.
471 2519 497 2556 3
531 2512 768 2556 sinancem
798 2512 856 2556 Β.
999 2508 1124 2551 illita
1144 2544 1151 2552 .
1172 2543 1180 2551 .
1202 2543 1210 2551 .
1229 2506 1426 2550 solvitur
1448 2506 1508 2549 Β.
1660 2510 1685 2548 5
1718 2505 1792 2548 Ad.

118 2573 344 2618 oben-item
372 2572 566 2615 missum
596 2571 655 2614 Β.
748 2574 773 2612 8
803 2582 980 2625 pyrena
1010 2565 1163 2610 mellis
1187 2566 1247 2610 Β.
1362 2568 1416 2607 10
1442 2563 1706 2607 suffusionis
1731 2564 1791 2609 B.

118 2637 173 2675 11
199 2631 274 2674 Ad
302 2644 480 2687 pyrena
509 2628 662 2672 mellis
686 2629 745 2672 B.
927 2630 982 2669 14
1011 2638 1164 2681 penna
1195 2622 1384 2667 linitum
1414 2623 1532 2666 bene
1566 2624 1702 2666 sanat
1732 2623 1791 2667 Β.

120 2690 175 2733 16
206 2702 388 2745 myrrae
419 2687 630 2731 troclites
662 2688 720 2731 Β.
844 2689 898 2730 17
930 2683 1083 2728 emina,
1106 2683 1165 2727 Β.
1259 2686 1312 2726 19
1343 2680 1456 2725 teris
1487 2694 1571 2737 per
1603 2682 1705 2737 (sic)
1731 2681 1791 2725 Β.

117 2747 252 2791 XXU
275 2747 321 2790 Β
338 2746 528 2804 (XXV?)
622 2749 676 2788 23
706 2744 796 2787 hoc
828 2745 901 2787 est
930 2741 1187 2798 inpositum
1216 2754 1271 2785 ex
1300 2741 1447 2798 ylossa
1477 2741 1641 2784 addere
1669 2740 1792 2784 vide-

117 2812 196 2850 twr
211 2806 269 2849 Β.
363 2809 418 2849 25
435 2803 678 2848 infundere
693 2803 916 2846 maneant
931 2802 976 2844 B
996 2803 1125 2856 (corr.
1144 2800 1246 2854 ed).
1316 2803 1371 2843 29
1400 2801 1460 2854 (et
1482 2812 1587 2843 mox
1608 2799 1790 2853 iterum)

118 2864 195 2907 Ad
219 2863 460 2919 concipere
479 2864 580 2919 (sic)
599 2862 644 2906 Β
663 2863 756 2919 (sed
772 2861 834 2904 ad
850 2860 1125 2915 conceptum
1140 2860 1245 2915 135)
1262 2857 1320 2912 cf.
1331 2861 1420 2902 163
1446 2857 1508 2901 ad
1532 2857 1790 2901 emendare.

115 2923 171 2967 ae‘sn
186 2923 408 2980 mw9.hic
422 2923 560 2967 codex
574 2920 767 2966 habetVI
779 2922 936 2977 (neque
951 2919 1076 2963 ultra
1091 2922 1250 2962 extant
1262 2917 1440 2962 ‘numeri
1454 2917 1790 2973 capitulormn).
