1988 3184
689 158 954 201 EPITOME
982 157 1234 200 ALTERA.
1701 153 1812 207 475

19 305 22 334 ÷
49 295 51 299 '
127 291 415 335 crementum
437 288 550 334 eius.
581 303 694 333 nam
715 288 786 332 ibi
807 288 1015 333 tenuitas
1040 287 1252 332 ciborum
1273 289 1457 332 mutato
1481 287 1636 332 colore
1658 289 1812 332 trans-

39 395 41 398 .
125 356 356 414 figuratur
385 356 437 400 in
468 355 709 412 sanguine.
750 354 900 399 omnis
939 356 1100 399 autem
1138 353 1338 398 materia
1369 353 1581 398 ciborum
1612 353 1812 398 detunsa

17 465 20 471 ,
42 426 50 474 ’ᾗ
124 435 210 479 per
239 421 568 479 gurgulionem
599 421 832 478 excipitur
860 421 1011 478 primo
1045 421 1105 465 ab
1132 420 1386 466 stomachO.
1419 434 1509 476 que
1533 419 1811 464 tenuissima

15 491 46 538 j·
124 487 298 533 itinera
327 502 412 545 per
440 490 594 533 totum
633 502 799 544 corpus
839 487 1150 544 dispensatur.
1194 501 1304 544 ergo
1342 486 1630 531 viridissima
1663 488 1711 531 et
1740 486 1812 530 in-

8 551 35 611 J,¹
125 553 379 611 tegerrima
409 553 460 597 in
491 553 769 611 sanguinem
800 553 1000 597 dimittit
1029 553 1168 598 iecor.
1211 555 1325 597 tunc
1364 566 1454 608 que
1487 551 1810 597 sordidissima
1856 561 1877 594 5

26 608 32 623 ⁵
123 622 174 663 et
218 619 394 663 iudicio
443 633 526 663 suo
564 620 817 676 reprobata
856 621 985 676 sunt,
1025 621 1338 663 exonerantur
1373 618 1424 662 in
1461 620 1693 674 ventrem,
1741 617 1811 661 in-

124 685 321 730 testines
351 685 657 743 replebantur.
699 685 872 742 accipit
909 685 1036 730 iecor
1067 685 1391 730 sordidissima
1421 699 1478 729 ex
1510 685 1615 729 cibo
1648 687 1695 729 et
1725 684 1812 728 illa

122 752 280 796 calore
312 766 396 796 suo
427 754 527 796 tam
560 751 641 795 diu
674 752 977 808 decoquendo
1009 751 1243 807 liquescit.
1286 752 1396 796 inde
1437 751 1714 808 sanguinem
1743 751 1809 807 fit,

123 832 264 874 quem
292 818 495 875 primum
527 817 688 862 multis
721 818 906 875 colligit
935 818 1118 874 fistolis,
1153 818 1323 862 deinde
1347 820 1592 874 acceptum
1622 816 1812 861 maiori-

121 885 210 928 bus
241 884 423 929 venulis
456 886 659 940 quatuor
688 883 961 941 perducitur
991 897 1082 940 que
1122 885 1184 928 ad
1222 884 1349 928 iecor
1379 884 1516 940 quasi
1548 884 1611 927 ad
1642 883 1810 927 castel·
1834 894 1877 925 1ο

121 950 231 996 111111.
282 951 374 995 duo
415 949 540 995 enim
585 950 884 1007 receptacula
929 950 1055 994 intra
1102 964 1150 994 se
1196 950 1364 1006 habet,
1412 965 1556 993 unum
1603 949 1809 1006 spiritus,

30 1045 35 1054 τ
119 1016 323 1061 alterum
355 1016 533 1072 anima,
566 1016 655 1060 1100
687 1018 759 1060 est
791 1016 995 1073 sanguis.
1036 1029 1120 1072 per
1151 1016 1303 1072 cuius,
1344 1018 1404 1059 ut
1437 1015 1584 1071 dixi,
1618 1029 1809 1072 corpore

121 1085 174 1127 ut
205 1083 401 1127 arterias
434 1082 672 1139 spiritales
709 1096 878 1127 novem
916 1082 1097 1126 intrant
1137 1085 1186 1127 et
1223 1084 1448 1138 quattuor
1490 1084 1662 1126 exeunt
1691 1095 1810 1126 vene

120 1149 435 1207 sanguinales.
468 1149 579 1193 inde
610 1149 848 1193 inmensus
873 1151 921 1193 et
945 1163 1027 1193 suo
1054 1149 1146 1193 sibi
1170 1148 1457 1192 incremento
1489 1148 1641 1192 maior
1665 1150 1808 1203 atque

120 1216 270 1260 maior
307 1216 481 1271 factUS,
526 1215 745 1260 extremis
791 1230 938 1271 usque
978 1217 1040 1259 ad
1084 1216 1225 1260 finem
1269 1216 1584 1260 membrorum
1632 1215 1809 1271 emigat
1832 1223 1874 1256 15

120 1281 369 1338 redditque
392 1283 591 1339 pulsum.

739 1399 836 1444 XX.
870 1399 946 1442 De
979 1399 1187 1455 splene.

240 1472 381 1529 Splen
412 1474 570 1517 autem
600 1472 792 1529 ponitur
822 1472 871 1515 111
910 1472 1101 1516 sinistra
1140 1474 1274 1529 parte
1312 1472 1683 1528 precordiorum,
1724 1485 1807 1514 na-

119 1539 228 1580 tura
260 1536 501 1594 oblongus.
536 1537 810 1581 coniunctus
843 1540 914 1581 est
945 1538 1110 1582 ventri.
1156 1538 1367 1582 continet
1399 1552 1455 1582 ex
1495 1551 1544 1581 se
1576 1537 1806 1580 membra-

55 1623 64 1631 ·
119 1617 230 1646 nam
260 1605 448 1647 tenuem
480 1605 528 1647 et
558 1603 774 1648 velamen
803 1604 982 1648 habens
1014 1604 1349 1661 pinguissimas
1377 1618 1537 1660 venas,
1571 1617 1660 1659 que
1696 1617 1806 1647 ven-
1831 1613 1874 1644 20

56 1695 64 1702 ·
119 1672 239 1713 trem
269 1669 346 1713 vel
376 1669 630 1714 intestinae
662 1670 871 1726 cooperit
901 1671 977 1715 vel
1017 1670 1257 1727 calefacit,
1298 1670 1425 1726 quod
1463 1669 1591 1725 greci
1623 1668 1803 1725 epiplos

120 1737 302 1780 vocant.
336 1735 483 1779 latine
509 1738 746 1780 omentum
777 1736 853 1780 vel
876 1751 1048 1793 mappa
1074 1736 1259 1780 dicitur.
1294 1738 1538 1780 extensum
1561 1738 1633 1779 est
1657 1749 1804 1790 usque

121 1802 182 1845 ad
212 1801 347 1846 ilium
380 1801 620 1846 sinistrum
652 1805 699 1847 et
729 1802 974 1847 interanea
1004 1802 1208 1859 positus,
1249 1802 1376 1857 quod
1413 1800 1623 1845 nervosis
1656 1800 1804 1845 conti-

237 1939 260 1977 1
286 1934 375 1979 ibi:
394 1934 500 1979 biG
523 1934 827 1992 (bitenuitas).
898 1937 1114 1979 tenuetas
1140 1935 1193 1979 P.
1270 1934 1520 1978 mutatuP.
1596 1938 1622 1976 2
1648 1949 1724 1978 0111
1741 1934 1802 1978 P:

116 1992 325 2037 omnium
364 1994 469 2038 UG.
593 1995 795 2038 adtunsa
835 1994 940 2039 UG.
1063 1999 1089 2037 3
1121 1993 1468 2050 gurgullionem
1506 1993 1603 2037 UG.
1727 2006 1804 2036 ex-

116 2052 300 2108 cipetur
331 2053 384 2096 P.
520 2052 724 2109 primum
763 2053 868 2098 UG.
1022 2053 1082 2096 ab
1116 2054 1177 2097 P.
1212 2053 1274 2096 ad.
1313 2052 1411 2097 UG.
1564 2067 1654 2110 (1110
1696 2052 1801 2096 UG.

117 2116 146 2154 4
175 2111 357 2154 itenera
389 2112 442 2168 P,
475 2111 649 2155 itinera
681 2112 732 2156 U:
765 2111 933 2155 itinere
969 2112 1022 2156 G.
1143 2110 1424 2177 integerima
1457 2111 1511 2154 P.
1634 2115 1660 2154 5
1698 2125 1804 2154 san-

116 2169 259 2226 guine
299 2169 396 2214 UG.
520 2170 732 2214 dimittat
755 2170 880 2214 iecor
905 2171 1015 2226 PU,
1050 2169 1249 2214 dimittit
1279 2169 1424 2213 iecori
1459 2169 1514 2214 G.
1636 2184 1726 2225 que
1747 2169 1802 2213 G.

118 2227 391 2272 sordissima
408 2229 462 2273 P.
556 2234 582 2272 6
614 2228 785 2272 iuditio
803 2230 856 2273 P.
959 2243 1041 2272 suo
1073 2243 1157 2273 om.
1178 2229 1232 2273 G.
1326 2228 1671 2272 exhonerantur
1697 2221 1801 2272 UG.

119 2291 144 2330 7
176 2286 465 2343 replicantur
496 2288 542 2332 U
547 2288 601 2332 G.
724 2287 907 2344 accepit
931 2289 984 2333 P.
1079 2286 1413 2331 sordedissima
1445 2288 1497 2331 P.
1591 2290 1618 2329 8
1645 2285 1721 2330 dio
1748 2286 1801 2330 P.

23 2364 26 2389 1
117 2346 457 2401 dequoquendo
499 2346 603 2391 UG.
725 2346 935 2402 liquiscit
959 2347 1013 2390 P.
1134 2351 1159 2389 9
1192 2345 1385 2403 collegit
1409 2346 1463 2390 P.
1588 2349 1643 2389 10
1668 2347 1804 2401 quat-

116 2406 224 2448 tuor
263 2404 367 2449 UG.
490 2419 581 2463 que
622 2405 726 2450 UG.
860 2410 915 2448 12
948 2404 1125 2449 animal
1165 2405 1215 2449 U.
1359 2418 1443 2461 per
1483 2404 1597 2449 UG:
1630 2418 1714 2460 pro
1747 2404 1801 2448 P.

119 2468 174 2506 13
206 2476 324 2521 vene
360 2463 414 2507 G.
538 2468 594 2506 14
625 2463 860 2508 inmensos
896 2464 950 2508 G.
1081 2465 1129 2508 et
1160 2465 1279 2520 (suo)
1322 2463 1437 2507 UG:
1470 2477 1526 2507 ex
1558 2463 1610 2507 P.
1733 2462 1803 2506 111-

27 2526 31 2529 ’
117 2521 343 2566 crimento
376 2522 429 2566 P.
553 2522 706 2578 adque
738 2523 791 2567 P.
912 2522 1063 2566 maior
1095 2524 1236 2577 atque
1268 2521 1420 2565 minor
1455 2522 1510 2566 G.
1638 2526 1692 2566 15
1726 2535 1804 2566 ex-

20 2587 29 2636 [
116 2583 291 2625 tremus
327 2580 381 2625 G.
548 2580 726 2638 emigat
759 2582 876 2627 PU:
909 2581 1081 2626 emicat
1115 2581 1170 2625 G.
1336 2585 1389 2624 17
1421 2581 1490 2624 De
1523 2580 1714 2637 splenae
1747 2581 1801 2625 P.

26 2648 29 2651 ἢ
120 2672 175 2712 18
209 2668 372 2725 splena
403 2669 457 2713 P.
551 2673 606 2712 19
639 2669 836 2726 oblogus
869 2670 922 2725 P,
960 2651 1158 2726 oblogus
1187 2669 1238 2714 U.
1331 2674 1388 2713 20
1418 2668 1573 2714 ventri
1605 2669 1667 2714 P.
1691 2682 1803 2713 ven-

116 2727 181 2771 tri
207 2726 386 2771 conteri
411 2728 506 2772 Uet
524 2729 624 2783 (ubi
637 2734 797 2785 postea
820 2729 942 2773 linea
964 2734 1223 2774 transversa
1236 2729 1427 2773 deletum
1442 2734 1507 2773 est
1516 2727 1732 2785 centeri)
1746 2728 1800 2772 G.

27 2782 30 2803 ³
117 2785 329 2830 contenit
359 2786 413 2830 P.
593 2786 916 2831 membranum
955 2788 1059 2833 UG.
1234 2791 1291 2832 20
1323 2786 1406 2843 qui
1437 2788 1489 2831 P.
1643 2791 1698 2831 21
1731 2787 1804 2831 in-

29 2876 31 2878 ·
116 2844 290 2889 testine
330 2844 435 2890 UG.
586 2845 766 2902 coperit
804 2846 855 2902 U,
889 2846 1096 2904 coeperit
1130 2846 1185 2891 G.
1337 2845 1581 2891 scalefacit
1612 2846 1666 2891 P.

48 2926 51 2930 ·
117 2902 311 2960 epyplos
337 2903 390 2959 P,
424 2903 604 2960 epiplos
638 2905 696 2949 U:
729 2904 877 2961 epilos
898 2905 954 2951 G.
1045 2910 1102 2949 22
1135 2919 1259 2961 appa
1279 2905 1333 2950 G.
1457 2907 1675 2950 extensus
1701 2905 1800 2951 UG.

43 2950 55 3025 Ξ
117 2965 175 3006 23
208 2963 473 3006 senextrum
497 2963 552 3018 P,
584 2962 832 3008 sinixtrum
862 2964 915 3010 U.
1035 2963 1270 3008 interam'a
1287 2964 1340 3010 P.
