1988 3184
270 717 766 775 Additamento,
810 718 1069 775 codicis
1118 719 1600 794 Barberiniani

499 838 557 872 ox
580 826 926 872 Pseudo-Plinio
957 827 1356 885 (Pseudo-Paulo).

0 939 5 971 t
95 913 228 970 AdI,
253 917 312 958 13
331 916 429 970 (43)
458 914 534 958 De
558 914 777 958 narium
807 914 1018 958 morbis
1049 917 1199 959 solus
1220 930 1246 960 r
1274 916 1404 960 habet
1425 917 1533 960 haec
1558 919 1670 972 (non
1693 919 1769 973 bc)

0 1008 1 1016 η
145 996 148 998 ’
587 982 710 1036 (post
740 980 950 1036 superius
982 980 1266 1037 memoravi).

212 1061 330 1105 Item
355 1061 419 1105 de
445 1061 634 1105 domni
652 1060 929 1106 Gaudiosi
955 1061 1020 1104 de
1045 1061 1297 1118 expertis
1324 1062 1385 1104 ad
1408 1061 1565 1105 ulcera
1585 1063 1770 1106 narium

94 1128 142 1170 et
167 1126 380 1170 omnibus
404 1127 676 1171 vulneribus
699 1125 1044 1171 vetustissimis.
1079 1127 1409 1171 aristolochiae
1435 1128 1476 1172 d.
1502 1127 1771 1186 LXXXHH,

94 1206 227 1237 cerae
251 1192 295 1238 d.
309 1193 407 1250 XX,
432 1207 632 1237 mannae
655 1193 773 1237 turis
798 1193 841 1237 d.
867 1193 921 1249 X,
946 1192 1294 1237 terebinthinae
1318 1192 1361 1236 d.
1387 1193 1504 1249 LIII,
1536 1194 1585 1237 iu
1610 1194 1771 1250 d.V11‚

94 1258 187 1302 olei
215 1258 402 1316 veteriS‚
435 1259 479 1304 d.
504 1260 596 1304 LX.
631 1259 755 1303 sicca
785 1259 982 1303 umectis
1006 1258 1187 1315 misceS‚
1221 1261 1268 1302 et
1298 1258 1443 1302 uteris
1474 1259 1524 1302 in
1557 1260 1771 1303 omnibus

92 1323 340 1370 ulceribus,

578 1392 697 1436 Item
728 1393 796 1436 ad
826 1392 1066 1435 fetorem
1095 1389 1328 1434 narium.

212 1456 401 1501 Costum
430 1457 481 1501 in
510 1458 750 1515 pulverem
780 1458 1023 1501 redactum
1044 1456 1195 1501 mittis
1228 1459 1311 1500 aut
1342 1458 1466 1499 certe
1498 1470 1603 1499 cum
1632 1456 1770 1500 melle

93 1522 292 1567 mixtum
319 1537 475 1580 penna
506 1524 702 1569 inducis.
734 1524 849 1568 item
888 1523 1042 1567 carica
1073 1522 1275 1567 contrita
1306 1522 1356 1565 in
1388 1522 1483 1565 olla
1513 1536 1636 1565 nova
1668 1536 1772 1565 cum

213 1652 239 1690 5
273 1648 329 1692 de
356 1648 466 1692 doni
489 1648 708 1704 gaudiosi
733 1649 789 1692 de
815 1648 1017 1705 expertis
1037 1650 1138 1704 (sic)
1157 1663 1194 1692 r.
1228 1649 1357 1692 haec
1380 1649 1496 1691 sine
1520 1648 1771 1691 auctoris

92 1708 308 1751 nomine
345 1713 504 1751 extant
541 1708 655 1751 libro
678 1708 714 1749 I
738 1722 773 1751 c.
797 1710 858 1751 24
897 1707 1213 1751 Medicinae
1258 1707 1445 1750 Plinii
1490 1720 1603 1762 quae
1648 1706 1772 1749 edita

93 1771 156 1810 est
186 1765 357 1810 Romae
388 1768 509 1809 1509
542 1767 750 1822 (repetita
780 1766 1022 1810 Bononiae
1052 1768 1173 1809 1516
1197 1778 1282 1820 per
1312 1765 1502 1808 Hieron.
1542 1765 1596 1807 de
1627 1764 1771 1808 Bene-

94 1824 228 1868 dictis
251 1850 310 1857 -—
332 1829 385 1869 ut
415 1826 534 1869 addo
565 1826 629 1869 eis
659 1839 772 1880 quae
795 1825 898 1868 dixi
921 1824 1108 1868 Hermes
1133 1823 1269 1878 VIII,
1288 1827 1369 1867 60:
1400 1824 1530 1867 cuius
1559 1823 1773 1866 editionis

93 1883 342 1940 exemplum
356 1888 474 1927 tenet
492 1884 756 1927 bibliotheca
785 1883 1081 1927 Taurincnsis
1097 1908 1155 1914 —
1171 1888 1387 1938 corrupta
1403 1887 1553 1926 autem
1569 1886 1610 1925 ct
1632 1882 1769 1924 inter-

87 1942 250 1997 polata
279 1941 427 1986 Basil.
454 1944 597 1996 1528)
618 1963 672 1977 =
691 1941 744 1984 P.
776 1943 940 1986 ibidem
971 1947 1120 1986 autem
1143 1942 1291 1985 codem
1313 1942 1405 1995 fere
1435 1947 1584 1984 tenore
1614 1944 1772 1983 eoetant

92 2001 229 2044 etiam
258 2014 370 2056 quae
400 2005 650 2057 sequuntur
672 2002 839 2054 omnia,
869 2002 938 2044 ita
967 2005 1020 2044 ut
1050 2001 1169 2056 quod
1199 2014 1261 2044 ex
1293 2001 1435 2043 libro
1463 1998 1688 2042 Gaudiosi
1711 1998 1742 2041 d
1750 2012 1772 2041 e

93 2059 341 2114 expertis
370 2064 598 2115 sumptum
639 2059 780 2112 fuisse
805 2060 1113 2115 perhibeatur,
1145 2059 1207 2102 ad
1229 2059 1336 2102 haec
1367 2059 1521 2101 omnia
1545 2057 1770 2113 pertinere

91 2118 330 2161 verisimile
367 2118 438 2161 sit.
491 2116 751 2162 Gaudiosus
781 2123 931 2162 autem
946 2135 949 2137 >
967 2118 1058 2161 sive
1095 2118 1407 2161 medicaminis
1443 2117 1583 2159 solius
1612 2120 1772 2159 auctor

0 2178 13 2248 }
93 2177 213 2232 quod
244 2176 453 2231 proxime
489 2177 701 2220 subditwr
736 2177 826 2220 sive
864 2178 1002 2220 totius
1039 2190 1095 2219 ea·
1126 2175 1366 2219 Medicina
1396 2174 1550 2218 Plinii
1584 2176 1658 2227 (sc.
1693 2173 1769 2216 Ps.

92 2234 247 2278 Plinii
268 2234 344 2289 ID
377 2235 571 2290 capituli
608 2235 774 2278 adiecti
810 2235 928 2278 idem
964 2236 1051 2278 erit
1087 2235 1321 2290 episcopus
1350 2234 1426 2275 ille
1458 2234 1771 2275 animarum

0 2330 5 2335 ,
94 2298 143 2336 et
172 2305 459 2348 corporum
483 2294 937 2348 promptissimus
963 2293 1203 2336 medicus
1234 2304 1360 2347 quem
1384 2291 1546 2333 laudat
1569 2290 1647 2345 qui
1668 2290 1769 2332 vivo

0 2359 3 2382 ἰ
92 2351 267 2395 locutus
295 2356 360 2395 cst
389 2357 547 2395 auctor
578 2364 832 2408 anonymus
850 2353 979 2405 (saec.
1000 2351 1147 2407 VJVI)
1173 2350 1497 2405 disputationis
1520 2347 1772 2404 Auyustini

93 2414 135 2454 et
172 2409 447 2467 Hieronymi
493 2411 546 2454 de
592 2411 766 2466 oriyine
818 2411 999 2452 animae
1040 2408 1223 2465 (Miyne
1253 2410 1336 2460 30,
1365 2409 1493 2461 272).
1537 2407 1772 2462 episcopus

93 2473 242 2512 autem
270 2481 343 2512 no.
379 2468 522 2511 XIII
551 2469 746 2522 refertur
779 2467 1040 2511 Gaudiosus
1071 2467 1123 2509 in
1161 2467 1296 2508 veteri
1334 2465 1528 2520 quodam
1565 2465 1769 2520 cataloyo

7 2531 11 2578 ’ᾗ
92 2527 399 2582 episcopormn
436 2527 825 2570 Brioeiensium
870 2523 1186 2580 (Gappclletti‚
1228 2522 1378 2566 Chic-se
1416 2523 1461 2565 d'
1499 2523 1645 2566 Italia
1678 2521 1768 2575 XI,

7 2593 11 2602 ’
93 2588 195 2629 546.
228 2586 285 2640 cf.
320 2587 455 2639 560),
486 2585 685 2628 decessor
706 2584 799 2627 scil.
835 2583 1087 2638 Optatiani,
1119 2583 1249 2626 cuius
1278 2594 1440 2624 nomen
1468 2581 1770 2636 subscriptum

5 2635 11 2652 '
93 2647 317 2699 comparet
345 2644 399 2686 in
430 2644 544 2686 actis
573 2642 804 2698 synodicis
832 2641 948 2684 anni
970 2642 1058 2684 451
1086 2640 1174 2694 (Μ.
1201 2642 1273 2693 54,
1297 2641 1422 2694 950).
1545 2643 1570 2682 6
1603 2637 1771 2682 aristo-

8 2732 21 2747 ,ι
92 2700 218 2766 logie
238 2736 246 2745 .
267 2736 275 2744 .
296 2735 304 2744 .
324 2699 439 2743 Cera
461 2714 487 2744 r
510 2701 591 2756 (ar.
623 2699 754 2742 habet
781 2698 910 2741 XXX
941 2698 1014 2742 Ps.
1049 2698 1173 2742 Plin.
1208 2699 1288 2754 qui
1318 2698 1478 2742 deinde
1507 2699 1640 2741 addit
1668 2696 1769 2754 gal-

91 2758 208 2802 bam
237 2757 396 2814 XXII).
549 2761 573 2800 7
604 2755 895 2814 terebentine
926 2771 962 2801 r.
1105 2755 1168 2799 iu.
1201 2755 1243 2800 ἃ.
1275 2755 1374 2801 VII.
1407 2771 1452 2800 r:
1483 2769 1555 2811 yo.
1580 2754 1678 2800 VH.
1713 2756 1766 2800 P.

94 2821 123 2860 8
151 2815 381 2860 humectis
411 2814 569 2858 miscis
600 2829 637 2859 r.
760 2819 815 2858 10
846 2815 1020 2859 Item..
1042 2850 1049 2859 .
1068 2815 1175 2859 haec
1205 2816 1327 2859 rubr.
1361 2829 1443 2860 scr.
1474 2817 1528 2859 in
1557 2830 1592 2859 r.
1634 2815 1769 2859 etiam

92 2877 324 2932 sequentia
354 2875 508 2918 omnia
537 2875 602 2918 sic
632 2878 790 2917 extant
818 2874 871 2917 in
894 2873 1019 2918 Med.
1045 2873 1202 2918 Plinii
1233 2874 1307 2918 lib.
1340 2874 1376 2916 I
1399 2888 1433 2918 c.
1458 2875 1518 2918 25
1550 2874 1617 2919 ed.
1636 2873 1766 2919 Rom.

96 2937 171 2990 (===
203 2935 297 2979 cod.
330 2933 570 2989 Bambery.
601 2932 634 2986 f.
660 2934 805 2987 137⁶).

1414 3005 1501 3048 23*

1796 1406 1837 1437 10
