1988 3184
74 99 84 108 '
150 111 260 166 418
703 84 1284 155 PsEUDo-‘mnonom

151 244 301 302 ipsius
340 242 581 288 calidioris
619 242 811 287 virtutis
851 243 937 287 est.
975 255 1176 286 renum
1215 240 1447 299 lapides
1479 240 1894 303 <in>arenam
1919 230 1928 235 γ’

152 311 483 355 confractos
515 308 765 354 deducit.

61 381 149 423 105
273 375 420 432 Opus
454 374 794 432 cyrenaicus
827 374 1036 419 omnium
1066 374 1266 419 calidior
1305 376 1356 420 et
1393 375 1550 420 tenuis
1589 377 1683 434 est,
1721 376 1847 422 unde

153 446 201 488 et
230 445 437 487 tumores
478 441 671 499 spargit.
714 455 801 486 nec
839 454 935 484 non
966 442 1015 484 et
1045 439 1200 501 (alii)
1232 440 1434 485 nimium
1473 441 1619 486 calidi
1658 444 1768 487 sunt
1798 444 1848 488 et

149 507 488 554 ventositatem
518 507 714 565 faciunt,
746 507 799 551 id
830 508 903 551 est
933 506 1143 551 medicus
1176 509 1226 552 et
1258 507 1482 564 syriacus.
1891 519 1914 554 5

65 580 149 621 106
272 573 511 619 Ostreae
542 576 667 619 testa
700 573 798 618 sive
830 572 1067 629 conchylii
1091 587 1173 618 8011
1205 573 1378 631 coclea,
1413 573 1571 619 omnia
1602 575 1848 619 combusta
1968 586 1988 620 's

149 641 341 686 virtutis
369 642 478 684 sunt
500 640 678 685 nimiae
701 639 957 697 praecipue
1272 640 1313 684 si
1337 640 1442 696 quis
1468 642 1651 686 ostreae
1673 642 1850 693 testam
1965 627 1988 688 ⁴}

151 706 461 752 combusserit
492 708 541 751 et
570 706 815 764 pulverem
845 706 1032 764 fecerit,
1071 706 1190 751 facit
1222 708 1285 751 ἃᾶ
1323 706 1507 751 fistulas
1537 706 1614 751 vel
1646 707 1709 752 ad
1740 706 1848 752 alti-

150 774 367 818 tudinem
395 773 617 818 vulneris.
652 773 861 817 omnium
891 786 1001 817 vero
1032 774 1266 817 testarum
1287 773 1507 830 pulveres
1542 773 1704 817 dentes
1735 771 1848 816 niti·
1980 803 1988 815 .

153 841 306 885 diores
338 840 535 897 faciunt,
569 842 617 884 et
647 839 867 897 gingivas
901 838 1218 895 consolidant,
1261 838 1484 883 tollunt
1517 839 1692 883 etiam
1723 853 1848 883 cru-
1870 851 1914 883 10
1984 840 1988 843 ⁴

155 908 410 952 ditiones
442 906 662 951 ventris
692 908 826 963 post
854 907 1082 962 partum
1112 905 1429 950 mulierum.

66 977 150 1018 107
272 973 700 1017 Petroselinum
730 972 957 1016 virtutem
986 970 1133 1015 habet
1166 971 1372 1016 calidam
1404 974 1452 1017 et
1483 972 1669 1017 siccam.
1701 972 1847 1016 nimie

153 1040 300 1084 etiam
332 1053 437 1083 acre
470 1041 518 1083 et
550 1053 762 1083 amarum
795 1038 952 1097 (est),
984 1039 1226 1082 menstrua
1250 1052 1437 1094 quoque
1471 1041 1519 1082 et
1549 1037 1709 1082 urinas
1740 1052 1847 1095 pro-

152 1109 305 1152 vocat.
339 1109 387 1151 et
419 1120 552 1150 renes
584 1108 759 1163 purgat
790 1107 838 1149 et
868 1104 1179 1148 ventositates
1214 1104 1369 1149 solvit.

66 1178 151 1218 108
271 1172 373 1215 Pix
405 1172 558 1215 sicca
583 1171 775 1227 quidem
799 1170 1019 1215 calefacit
1041 1170 1240 1214 nimium
1264 1173 1313 1215 et
1338 1171 1496 1216 siccat.
1529 1170 1714 1226 liquida
1737 1184 1847 1215 vero
1871 1182 1914 1215 15

154 1240 399 1295 extenuat,
451 1237 650 1293 denique
697 1236 815 1280 facit
866 1237 926 1280 ad
968 1236 1219 1292 suspirium
1258 1237 1378 1298 (et)
1418 1238 1479 1281 ad
1519 1251 1598 1281 eos
1637 1236 1718 1293 qui
1759 1252 1847 1293 pus

154 1304 372 1361 eiectant,
407 1304 448 1347 si
479 1304 584 1360 quis
618 1318 674 1348 ex
706 1302 899 1347 cocliari
931 1304 1037 1345 cum
1059 1303 1199 1347 melle
1223 1303 1424 1348 mixtum
1448 1306 1496 1348 et
1521 1304 1850 1361 despumatum

152 1373 283 1417 velut
315 1371 591 1416 electarium
623 1369 819 1414 dederit.
860 1382 1040 1425 ungues
1081 1384 1266 1426 quoque
1304 1370 1513 1427 leprosos
1553 1385 1659 1414 cum
1690 1372 1847 1415 ceroto

151 1439 302 1482 mixta
331 1439 526 1494 purgat,
566 1436 869 1493 impetigines
910 1438 1043 1480 curat
1082 1439 1131 1481 et
1168 1439 1374 1481 tumores
1413 1437 1676 1494 indigestos
1713 1451 1848 1494 prae-

152 1505 418 1549 cordiorum
457 1504 616 1559 durat,
657 1503 697 1546 si
737 1517 843 1546 cum
882 1503 1227 1560 cataplasmate
1261 1503 1516 1548 commixta
1554 1503 1708 1549 fuerit.
1753 1503 1845 1548 for·
1869 1516 1912 1548 20

150 1573 322 1616 tiorem
354 1585 464 1627 ergo
496 1569 680 1625 liquida
712 1569 941 1614 virtutem
970 1570 1131 1615 habet.

65 1644 150 1683 109
270 1636 568 1693 Pomfolyx
602 1636 637 1679 si
672 1636 774 1679 lota
805 1636 949 1681 fuerit
992 1636 1235 1680 sicciorem
1273 1636 1499 1680 virtutem
1528 1636 1675 1681 habet
1706 1638 1753 1680 et
1786 1637 1848 1680 ad

154 1704 311 1749 omnia
349 1703 561 1759 maligna
598 1702 808 1748 vulnera.
850 1705 898 1747 et
939 1703 1039 1747 sine
1079 1702 1343 1747 acritudine
1384 1702 1551 1760 siccat,
1597 1705 1646 1747 et
1685 1705 1849 1760 aptum

152 1770 354 1814 maxime
385 1769 680 1813 medicamen
711 1769 1081 1814 cancromaticis.

65 1843 150 1882 110
271 1837 440 1893 Piper
471 1836 703 1892 longum
734 1836 862 1891 quod
891 1836 1043 1892 primo
1081 1836 1293 1881 nascitur
1334 1836 1456 1880 sicut
1500 1836 1656 1880 nuclei
1695 1836 1844 1893 flores,
1870 1846 1912 1880 25

153 1906 225 1947 est
262 1902 453 1947 virtutis
493 1902 764 1947 umectioris
806 1902 868 1946 ad
907 1903 1321 1959 comparationem.
1361 1902 1497 1960 piper
1535 1916 1645 1947 vero
1686 1902 1848 1947 album

273 2070 296 2109 1
331 2065 361 2110 1.
389 2065 426 2108 Sc
458 2079 650 2109 arenam
681 2064 943 2109 confractos
965 2065 1018 2109 G.
1114 2069 1140 2108 3
1171 2065 1240 2109 De
1274 2064 1548 2121 oposcirine.
1583 2064 1709 2121 Opus
1741 2064 1846 2108 ciri-

151 2124 259 2168 naie
289 2127 293 2181 Ι
323 2125 454 2168 0111118
487 2124 645 2168 omnis).
682 2124 735 2169 G.
861 2130 890 2168 4
921 2123 1124 2181 ispargit
1159 2124 1202 2169 G
1309 2123 1393 2167 alii
1426 2125 1602 2169 addidi.
1635 2125 1691 2179 cf.
1723 2124 1844 2169 Orib.

152 2184 275 2227 Nam
307 2183 403 2227 alia
438 2187 499 2240 (p.
524 2187 652 2239 203).
807 2187 833 2226 5
864 2182 1071 2227 medicos
1105 2186 1176 2227 est
1204 2186 1210 2240 l
1239 2182 1475 2227 siriaticus
1511 2183 1566 2228 G.
1720 2189 1745 2226 6
1776 2183 1846 2227 De

153 2243 309 2287 ostric.
345 2242 499 2287 Ostrie
531 2244 657 2287 testa
689 2242 787 2286 sive
824 2242 1036 2286 conciliis
1073 2242 1311 2298 eocloclea
1347 2242 1401 2286 G.
1524 2243 1754 2286 conbusta
1790 2242 1843 2287 G.

154 2306 178 2344 7
208 2304 214 2358 Ι
242 2306 303 2358 (p.
330 2306 445 2358 172)
479 2301 670 2347 virtutis
702 2307 726 2345 ἓ
756 2301 900 2345 nimie
931 2301 1152 2358 precipue
1187 2301 1236 2345 Si
1268 2301 1373 2356 quis
1402 2301 1445 2345 G
1468 2301 1590 2358 (Gal.
1609 2302 1730 2356 XII,
1756 2304 1847 2345 346

152 2362 208 2416 cf.
232 2362 305 2405 Or.
327 2361 646 2418 desiccativa).
752 2361 895 2405 ostric
911 2363 1038 2405 testfi
1060 2361 1114 2405 G
1211 2365 1236 2404 8
1253 2360 1434 2404 fistolas
1455 2361 1510 2405 G.
1614 2359 1689 2404 vel
1723 2359 1845 2404 adti-

151 2420 366 2463 tudinem
385 2423 487 2476 (sic)
510 2421 565 2465 G.
660 2425 685 2463 9
702 2422 882 2464 testoru
898 2420 1064 2476 pulver
1083 2421 1138 2465 G.
1211 2424 1266 2463 10
1299 2419 1493 2463 consold
1509 2421 1560 2463 at
1575 2419 1706 2463 toll&
1722 2418 1848 2462 enim

154 2479 432 2523 eruditionis
454 2481 508 2524 G
589 2484 642 2522 12
660 2479 729 2523 De
745 2479 1045 2536 petrosileno.
1070 2478 1402 2535 Petrosylenus
1424 2479 1477 2523 G
1554 2483 1610 2521 14
1627 2477 1770 2521 solv&
1788 2478 1844 2523 G.

155 2542 210 2580 15
240 2538 311 2581 De
341 2538 459 2594 pice.
491 2538 602 2582 Pice
635 2537 759 2582 sicca
745 2495 842 2583 PG
937 2542 991 2582 16
1017 2538 1099 2594 qui
1131 2551 1234 2582 osse
1265 2538 1449 2582 iactant
1477 2538 1520 2581 G
1544 2533 1844 2594 (ἐμπυικούς).

155 2600 209 2640 17
244 2611 301 2640 ex
332 2596 523 2640 cocliari
555 2611 604 2640 os
634 2599 640 2654 1
671 2600 732 2654 (p.
751 2601 862 2654 173)
896 2611 1003 2640 cum
1032 2596 1172 2641 melle
1208 2597 1262 2642 G.
1386 2596 1657 2653 dispumatu
1693 2596 1748 2643 G.

156 2659 210 2699 18
244 2656 506 2722 elactuarifi
541 2656 594 2700 G.
717 2656 927 2700 lebrosos
965 2657 1019 2701 G.
1173 2660 1227 2699 19
1259 2655 1411 2699 mixtu
1447 2658 1500 2701 G.
1656 2654 1751 2711 inp.
1788 2655 1843 2700 G.

153 2715 1224 2840 {fftdgupfffflfonss⁰P‘523232‘01113ffi3ffiffix’fffc
1248 2716 1487 2830 {mag}
1521 2713 1844 2829 11111Ῑὲἓὲρῇ

155 2844 411 2873 max1mum
444 2833 500 2876 G.
593 2837 648 2875 25
679 2833 748 2876 De
779 2847 915 2889 piper
945 2833 1149 2890 longum.
1182 2835 1232 2878 P.
1265 2833 1295 2878 l.
1331 2834 1386 2878 G.
1479 2831 1608 2876 nucli
1638 2831 1773 2900 floregs
1806 2831 1846 2874 ὣ

155 2905 221 2948 sic
255 2904 298 2948 G
329 2903 548 2959 (florescit
583 2905 736 2961 Orib..)
951 2911 1006 2951 26
1040 2908 1102 2950 ad
1134 2906 1519 2963 conparationem
1555 2889 1840 2979 piper[i}]G
