1950 3172
809 105 1081 150 memus,
1245 118 1248 120 ·
1677 103 1782 158 155

94 260 219 311 pars
258 242 516 308 aliquando
550 243 771 308 corporis
803 247 1133 308 attemptetur,
1172 241 1426 292 fricatione
1459 241 1614 292 calida
1646 241 1783 292 cubi-

95 318 214 369 culo
252 317 493 383 tepefacto
541 322 590 365 et
635 317 801 381 acopis
845 315 972 365 bene
1024 314 1266 365 olentibus
1305 315 1590 365 imminebo,
1667 331 1782 365 con-

101 393 217 442 ficio
270 393 458 440 interea
511 405 572 439 ex
626 395 736 439 ruta
779 389 927 438 viridi
972 395 1056 438 aut
1099 388 1349 438 marrubio
1397 395 1480 439 aut
1532 390 1783 439 artemisia

98 465 268 517 oleum
305 479 405 513 non
444 462 602 512 solum
633 463 692 512 ad
722 462 1040 527 unguendum
1071 477 1242 511 verum
1273 463 1420 511 etiam
1459 462 1519 511 ad
1557 462 1780 512 lanarum

104 539 417 604 infusionem,
449 536 627 601 quibus
658 535 878 585 membra
907 542 1019 601 post
1055 546 1223 585 curam
1254 551 1449 600 semper
1480 535 1778 586 calidissime
1825 550 1846 583 5

103 611 370 664 munienda
409 616 536 659 sunt.
613 609 892 659 cucurbitas
930 611 1119 659 interea
1157 609 1280 658 locis
1318 609 1660 674 pinguioribus
1700 610 1782 659 ad-

99 684 332 734 movebo„
401 685 540 747 aquis
581 682 856 732 chalasticis
896 682 1174 731 fomentabo
1216 698 1275 731 ex
1306 682 1469 747 puleio
1508 689 1685 748 nepeta
1719 685 1783 733 iri

104 758 292 823 illyrica
328 756 484 806 ibisco
522 755 600 804 vel
639 758 883 805 seminum
915 755 1296 805 decoctionibus.
1359 771 1508 820 acopa
1547 771 1662 805 vero
1699 757 1782 806 ad-

102 830 281 880 hibebo
321 845 380 879 ex
418 831 528 894 pice
566 830 728 878 resina
769 830 940 893 pipere
984 828 1060 878 vel
1108 829 1330 878 euforbio
1370 830 1544 878 adarce
1585 836 1633 879 et
1673 830 1779 879 oleo

100 904 291 954 laurino
323 904 603 952 coniectura
634 902 815 950 medici
846 907 1129 966 temperata.
1177 904 1428 951 exercitiis
1461 906 1779 967 competenti·
1805 918 1848 950 ιο

101 977 195 1026 bus
233 976 451 1025 membra
490 975 736 1040 recolligo.
794 975 1080 1040 frequenter
1109 977 1247 1024 ieran
1278 975 1355 1024 his
1388 976 1503 1025 dare
1538 979 1781 1026 convenit.

251 1050 430 1114 quibus
461 1064 576 1097 vero
611 1050 717 1098 sine
752 1064 900 1097 sensu
930 1055 1094 1113 partes
1130 1054 1441 1114 attemptatae
1475 1049 1781 1114 deriguerint

101 1124 280 1173 hiemis
318 1129 540 1187 tempore
579 1127 735 1171 aetate
776 1122 922 1171 senili
966 1121 1322 1188 laborantibUS,
1371 1129 1622 1187 unguenta
1660 1124 1780 1173 haec

99 1196 378 1246 adhibenda
433 1202 598 1261 erunt,
653 1211 712 1244 ex
760 1195 896 1244 scilla
947 1202 996 1244 et
1042 1196 1264 1245 euforbio
1310 1196 1502 1261 thapsia
1547 1198 1780 1261 pyrethro

99 1271 277 1319 adarce
310 1275 358 1318 et
390 1268 495 1317 oleo
521 1268 758 1332 glaucinO.
815 1270 857 1317 si
888 1269 993 1318 loca
1025 1271 1356 1319 emarcuerint
1380 1270 1464 1319 diu
1484 1270 1577 1319 hoc
1608 1271 1779 1320 morbo
1807 1283 1847 1316 15

103 1349 289 1409 vexata,
329 1341 607 1391 cucurbitas
648 1342 884 1406 dropaees
923 1342 1111 1391 lavacra
1152 1349 1200 1391 et
1238 1349 1400 1392 cetera
1439 1344 1682 1393 adiutoria
1715 1346 1779 1393 si-

101 1417 238 1466 milia
276 1422 388 1480 post
427 1415 561 1464 cibos
601 1415 841 1463 adhibebo
883 1431 1028 1479 quam
1066 1418 1290 1464 maxime.

252 1490 472 1553 significo
527 1493 780 1552 praeterea
834 1488 1094 1552 aliquando
1152 1489 1396 1554 paralysin
1443 1505 1531 1553 per
1579 1490 1779 1540 solutio·
1797 1488 1869 1541 55

100 1578 217 1612 vnem
257 1562 486 1611 obvenire
526 1561 880 1626 membrorum,
920 1561 1212 1625 aliquotiens
1251 1578 1340 1626 per
1380 1565 1779 1612 contractionem.

101 1643 153 1685 et
203 1638 433 1700 quoniam
485 1635 604 1683 haec
650 1635 918 1684 accidentia
966 1635 1060 1684 sibi
1122 1637 1331 1684 invicem
1383 1638 1626 1685 contraria
1680 1653 1778 1686 non
1805 1650 1847 1682 20

224 1780 247 1818 1
281 1774 527 1819 fricatione
551 1777 701 1832 (—ne)
732 1774 888 1819 calida
914 1776 1019 1831 (—a
1050 1776 1094 1832 b)
1124 1776 1252 1820 er.
1346 1775 1558 1820 cubiculo
1590 1779 1669 1822 rb:
1704 1792 1780 1821 cu-

100 1834 190 1878 bili
221 1835 279 1880 B.
413 1839 439 1877 3
470 1833 648 1878 interea
679 1848 735 1878 ex
765 1836 845 1879 rb:
878 1848 960 1879 om.
992 1834 1050 1878 B.
1173 1836 1257 1877 aut
1285 1835 1554 1892 (marrubio)
1586 1837 1632 1880 b:
1666 1838 1714 1880 et
1743 1851 1781 1892 r,

101 1893 181 1937 vel
198 1894 255 1938 B.
330 1892 558 1948 5quibus:
583 1895 648 1937 ab
672 1895 773 1938 hac
795 1906 918 1938 voce
941 1894 1270 1949 denuo(post
1293 1895 1497 1939 lacuna
1549 1896 1784 1952 >incipit

105 1952 373 1997 Gelenius
397 1965 448 2007 p.
473 1955 547 1995 89.
684 1950 981 1995 calidissimis
1014 1951 1196 2008 (calidis
1228 1953 1290 2009 B)
1320 1953 1509 2001 munien
1545 1967 1573 1997 a
1605 1955 1651 1998 B
1671 1954 1781 2010 Gel„

101 2009 390 2054 calidissime
403 2009 655 2054 munienda
670 2025 708 2067 r,
726 2009 1009 2060 calidissime
1025 2010 1276 2054 nutrienda
1289 2013 1313 2055 b
1392 2016 1417 2055 6
1435 2011 1781 2069 pinguioribus:

101 2071 161 2124 cf.
198 2069 316 2114 Cael.
349 2070 439 2114 chr.
472 2074 518 2124 2,
552 2073 627 2114 21.
780 2075 803 2114 7
837 2082 893 2113 ex
922 2070 982 2115 ‘rb
1003 2068 1120 2114 Get:
1152 2083 1223 2114 om
1260 2071 1318 2114 B.
1469 2070 1631 2127 nepita
1660 2072 1731 2116 ΥΒ
1742 2074 1782 2117 b.

105 2128 172 2183 i(y
195 2127 301 2184 r)ris
332 2126 505 2171 illirica
533 2128 605 2172 ΥΒ
622 2129 771 2183 (yreos
803 2129 858 2184 b).
1020 2130 1045 2171 8
1079 2141 1225 2184 acopa
1254 2130 1381 2174 o-Bb:
1415 2143 1562 2187 acopa
1592 2130 1669 2174 vel
1699 2145 1782 2174 un-

104 2188 284 2241 guenta
319 2186 412 2231 Gel.
439 2186 512 2242 (cf.
550 2185 665 2231 Cael.
697 2188 750 2231 in
779 2187 871 2231 eod.
905 2200 1001 2242 cap.
1035 2187 1184 2232 chron.
1218 2192 1268 2242 2,
1299 2190 1384 2244 34).
1549 2188 1783 2234 adhibebo

103 2245 262 2289 rGels
296 2243 441 2287 —beo
473 2245 566 2289 Bb.
769 2249 794 2287 9
825 2244 901 2288 vel
932 2244 1055 2302 (euf.)
1085 2246 1157 2290 ΤΒ
1175 2246 1292 2291 Gel.:
1325 2260 1407 2291 om.
1441 2248 1479 2292 b.
1602 2249 1650 2291 et
1682 2247 1784 2292 oleo

104 2302 289 2347 laurino
319 2303 454 2347 ‘rsz
486 2302 669 2347 laurino
701 2303 802 2347 oleo
853 2304 947 2349 θεῖ.
1096 2308 1149 2347 11
1183 2303 1281 2348 iera
1311 2306 1370 2361 B,
1402 2318 1515 2362 gera
1543 2320 1570 2350 r
1592 2307 1692 2362 (om.
1726 2309 1782 2363 b).

108 2367 162 2405 12
188 2376 231 2416 q.
255 2375 299 2406 v.
325 2360 423 2404 sine
448 2374 586 2405 sensu
611 2363 694 2406 att.
718 2377 763 2418 p.
789 2363 961 2418 (partes
987 2363 1070 2406 att.
1097 2363 1212 2419 Gel.)
1238 2362 1449 2420 diriguef·
1472 2363 1642 2420 (—rint
1671 2365 1784 2422 Gel.)

104 2421 132 2465 b
154 2421 249 2466 Gel.
275 2421 349 2475 (cf.
385 2420 497 2464 Gar.
522 2425 567 2476 5,
587 2423 678 2477 22),
711 2435 753 2476 q.
785 2435 828 2466 v.
862 2420 959 2464 sine
992 2434 1130 2465 sensu
1159 2437 1203 2477 p.
1238 2435 1277 2466 a.
1313 2422 1631 2479 defruguerint
1661 2438 1706 2469 r:
1739 2439 1782 2479 q.

103 2493 148 2523 v.
182 2491 368 2523 sensum
396 2493 440 2534 p.
468 2491 507 2522 a.
542 2478 796 2523 amiserunt
817 2479 875 2524 B.
970 2484 1022 2524 13
1053 2478 1220 2523 hiemis
1250 2482 1457 2536 tempore
1490 2482 1615 2526 etate
1647 2482 1785 2527 senili

34 2539 37 2541 ’
102 2538 166 2582 ‘rb
186 2537 312 2593 Gar„
344 2536 510 2580 hiemis
541 2539 820 2595 tempestate
852 2537 989 2582 senili
1010 2538 1056 2582 B
1080 2538 1154 2594 (cf.
1183 2538 1299 2584 Cael.
1331 2541 1422 2585 chr.
1448 2542 1496 2596 2,
1519 2542 1585 2597 1):
1617 2540 1783 2586 hiemis

103 2598 315 2652 tempore
346 2596 429 2638 aut
452 2596 631 2640 aestate
655 2595 871 2641 similiter
897 2596 991 2641 Gel.
1093 2602 1147 2640 14
1172 2610 1197 2640 e
1222 2597 1355 2641 scilla
1378 2598 1496 2644 θεῖα
1529 2612 1585 2643 ex
1613 2599 1785 2656 squilla

107 2655 202 2710 Bb,
236 2668 292 2698 ex
322 2653 467 2709 quille
496 2669 534 2700 r.
708 2658 762 2699 15
793 2655 930 2712 (loca)
960 2668 1068 2699 vero
1099 2656 1206 2701 add.
1232 2657 1325 2701 Gel.
1477 2658 1785 2704 emarcuerint

103 2713 170 2757 ‘rb
190 2713 306 2758 Gel.:
338 2714 506 2757 -.-runt
535 2714 594 2758 B.
733 2719 786 2758 18
815 2713 1028 2771 significo
1059 2715 1150 2760 rB:
1183 2714 1456 2772 significabo
1489 2717 1530 2774 b,
1561 2719 1610 2762 et
1641 2717 1783 2775 signi-

101 2771 195 2819 fico
229 2771 325 2816 Gel.
444 2771 673 2828 paralisin
701 2772 772 2817 ΨΒ
782 2774 821 2818 b.
974 2777 1028 2816 19
1061 2773 1279 2818 obvenire
1308 2776 1381 2820 ’ΥΒ
1402 2775 1521 2821 Gal:
1552 2776 1709 2821 venire
1743 2779 1782 2822 b.

107 2833 166 2873 20
200 2828 442 2885 quoniam:
474 2834 564 2885 quo
597 2831 641 2875 B
665 2832 802 2887 (unde
830 2832 946 2876 male
977 2832 1206 2887 quomodo
1238 2833 1386 2890 Neu.)
1507 2834 1624 2880 haec
1654 2837 1784 2883 er:

106 2901 194 2933 om.
229 2888 324 2934 Gel.
447 2889 555 2933 sunt
584 2891 705 2946 (ante
733 2892 843 2948 non)
875 2891 978 2937 add.
1014 2891 1109 2941 ael.
