1988 3184
672 156 939 199 EPITOME
969 157 1216 199 ALTERA.
1684 153 1804 206 473·

29 321 33 335 «
112 287 478 344 dispensaverit,
516 287 662 332 bilem
701 286 898 344 excitat,
943 300 1082 342 quem
1121 287 1374 331 admodum
1403 286 1619 330 faucibus
1650 286 1797 343 inspi-

35 368 38 371 ’
110 368 214 398 rare
247 354 380 399 solet.
418 355 558 399 modo
599 353 779 398 acidior
816 353 1061 397 infundere
1101 352 1426 410 conponimus,
1466 355 1528 397 ut
1560 352 1700 409 dixi,
1734 353 1796 396 ad

25 427 33 470 '⁷
112 420 343 464 stomachi
374 420 633 465 arbitrium.
676 421 737 464 ad
774 419 903 463 illius
942 419 1237 464 voluntatem
1267 433 1432 476 corpus
1473 421 1632 464 autem
1661 419 1796 463 testi-

15 531 22 538 „
110 487 269 531 monio
300 487 565 532 honoretur.
609 487 730 530 illud
761 485 906 530 etiam
943 485 1210 542 frequenter
1240 486 1458 543 vidimus,
1491 486 1661 542 quibus
1701 489 1795 530 sto-

0 565 19 611 ,ξ
110 553 303 597 machus
327 553 378 596 in
409 567 551 597 causa
576 553 732 609 fuerit,
764 553 910 597 barbe
936 552 1034 596 eius
1060 553 1255 597 celerius
1280 567 1484 597 crescere
1516 552 1681 597 solent.
1712 554 1795 598 sed
1839 562 1863 596 5

0 614 17 671 ²?
109 634 220 664 non
249 620 391 677 puto
420 634 535 677 ego.
569 620 691 663 illud
720 622 881 663 tamen
903 618 1105 663 veritate
1129 618 1454 676 magisterium
1478 618 1581 675 erit,
1612 620 1667 662 ut
1690 633 1797 662 cum

112 686 380 730 stomachus
413 686 612 730 alicuius
636 685 756 730 bilia
786 685 1027 742 receperit,
1059 699 1247 730 necesse
1273 687 1344 729 est
1367 687 1421 729 ut
1443 685 1620 729 habeat
1642 686 1797 728 totum

110 766 276 809 corpus
317 753 571 797 secundum
615 751 937 796 infirmitatem
977 751 1155 795 domini
1194 754 1277 796 aut
1315 751 1636 808 ariguendum.
1682 753 1796 794 tunc

109 819 271 875 itaque
312 818 629 863 succidentem
669 818 819 862 aciem
858 833 973 875 quos
1012 819 1336 862 incontexerat
1376 817 1684 861 decrescendo
1723 815 1797 859 uti

106 885 279 930 texerit
311 885 526 942 capillus,
556 885 781 930 videlicet
807 899 902 929 non
924 885 1070 929 barbe
1094 884 1224 927 illius
1247 883 1537 940 prodierunt,
1571 883 1653 926 sed
1677 881 1794 926 cari·
1819 894 1863 925 ιο

105 951 257 995 barba
289 951 514 996 subsedit.
548 965 671 995 nunc
713 951 913 1007 denique
944 950 1173 1008 pellentes
1213 950 1276 993 ad
1315 949 1607 993 stomachum
1639 949 1796 992 cibum

10 1040 15 1045 ·
106 1020 155 1062 et
205 1018 336 1075 potio
393 1018 704 1075 deducuntur,
753 1017 1077 1075 adpromtione
1123 1015 1342 1060 faucium.
1399 1015 1480 1071 qui
1527 1015 1794 1059 stomachus

104 1084 424 1141 principatum
453 1085 600 1129 habet
630 1084 851 1129 faucium.
884 1083 1113 1140 incipiens
1147 1097 1175 1126 a
1198 1084 1389 1139 gutture
1422 1081 1638 1138 adsurgit
1669 1081 1796 1136 quod

107 1150 320 1207 claudat,
375 1164 462 1195 nec
509 1150 751 1207 aperiendi
802 1153 1087 1207 potestatem
1132 1149 1291 1193 habet.
1336 1149 1460 1192 unde
1513 1161 1598 1204 per
1642 1150 1796 1191 totum

107 1216 394 1260 consortium
426 1217 742 1274 cartelagibus
775 1216 1050 1261 contexitur.
1091 1230 1181 1271 que
1220 1215 1271 1259 in
1303 1229 1351 1259 se
1390 1215 1655 1259 reducendo
1688 1213 1794 1257 ideo
1820 1222 1863 1254 15

106 1282 239 1339 volit,
281 1284 330 1326 et
367 1286 603 1327 revertens
645 1283 897 1327 secundum
938 1285 1191 1339 occupatus
1241 1281 1413 1325 deiciet
1452 1280 1584 1324 cibus
1625 1282 1672 1324 et
1711 1294 1796 1323 sua

105 1362 332 1404 prsssura.
373 1349 604 1404 quidam
642 1349 849 1393 medici
887 1351 1059 1405 putant
1096 1362 1180 1405 per
1217 1362 1360 1391 unam
1397 1349 1582 1403 partem
1620 1346 1671 1389 in
1703 1348 1797 1389 sto-

104 1414 325 1458 machum
347 1415 467 1459 ferre
490 1414 730 1471 potionem
754 1417 801 1458 et
824 1428 907 1471 per
938 1414 1082 1458 aliam
1107 1415 1276 1458 cibum.
1310 1414 1428 1457 abeo
1455 1416 1613 1457 autem
1638 1425 1795 1455 omnes

106 1480 331 1525 materias
372 1480 582 1525 ciborum
620 1481 696 1525 vel
734 1483 873 1537 potus
911 1494 995 1537 per
1034 1480 1224 1523 unicum
1263 1479 1476 1523 canalem
1516 1477 1706 1522 deferre.
1749 1479 1796 1520 et

106 1546 379 1591 turminosis
413 1561 461 1591 se
492 1547 642 1591 multa
675 1547 911 1590 adiutoria
934 1560 1017 1603 per
1047 1546 1287 1602 potionem
1312 1545 1472 1588 datam
1505 1544 1793 1601 profuerunt,
1819 1554 1862 1585 20

110 1613 223 1669 quia
256 1616 303 1657 et
333 1613 433 1658 illic
467 1614 792 1669 descenderat,
827 1627 917 1668 quo
958 1615 1005 1656 et
1045 1612 1139 1656 cibi
1177 1613 1498 1668 pervenerant.
1534 1609 1794 1654 cauculosis

106 1694 217 1724 vero
251 1680 666 1737 estrangilosisque
711 1682 852 1735 atque
892 1678 1161 1735 hydropicis
1199 1692 1283 1734 per
1322 1677 1451 1721 cibos
1482 1675 1796 1720 medicamina

107 1746 288 1790 iubant.
324 1761 380 1790 ex
411 1761 503 1802 quo
534 1745 783 1789 manifeste
816 1745 1055 1801 colligitur
1092 1759 1184 1788 uno
1224 1743 1391 1787 itinere
1425 1743 1579 1787 cibum
1611 1744 1795 1799 potum-

108 1826 198 1868 que
232 1813 423 1857 deferre.
464 1812 584 1856 illud
623 1815 782 1856 tamen
821 1811 1017 1855 interest
1049 1811 1174 1866 quod
1207 1810 1301 1853 cibi
1339 1809 1534 1865 tardius,
1578 1809 1794 1852 humores

108 1878 306 1923 celerius
348 1878 629 1923 deferuntur.
670 1878 869 1933 ideoque
903 1876 1091 1921 suavior
1130 1878 1201 1920 est
1241 1875 1420 1920 sitienti
1458 1877 1621 1931 potum
1652 1889 1792 1930 quam
1819 1883 1862 1915 25

229 2074 253 2111 1
286 2068 432 2113 bilem
471 2068 523 2125 U,
556 2068 700 2112 uilem
736 2069 796 2113 G:
829 2067 949 2111 biles
983 2068 1034 2111 P.
1183 2073 1207 2110 2
1242 2067 1353 2111 solit
1384 2067 1437 2112 P.
1590 2066 1796 2110 accidior

117 2129 223 2174 UG.
377 2127 695 2184 componimus
731 2127 784 2172 G.
938 2127 971 2170 5
997 2126 1095 2170 eius
1137 2128 1188 2183 U,
1222 2126 1333 2169 aeius
1366 2127 1427 2170 P:
1461 2125 1586 2169 enim
1621 2126 1674 2169 G.

110 2187 306 2231 criscere
331 2186 385 2231 P.
508 2192 532 2230 6
565 2186 674 2229 illut
706 2186 806 2230 PG.
958 2185 1207 2229 veritatem
1238 2186 1291 2229 P.
1416 2189 1440 2227 7
1474 2186 1706 2227 stomacus
1739 2184 1792 2228 P.

198 2245 368 2288 biliare
394 2244 570 2301 ceperit
590 2245 644 2289 G.
738 2249 763 2287 8
790 2247 872 2288 aut
897 2243 1206 2300 ariguendum
1224 2244 1288 2288 P:
1315 2246 1398 2287 aut
1422 2242 1717 2299 arigiendum
1741 2242 1793 2298 U,
1846 2268 1849 2271 >

110 2306 173 2348 ad
204 2303 532 2360 aurigiendum
567 2304 620 2347 G.
744 2308 769 2346 9
805 2303 1103 2347 decriscendo
1136 2304 1189 2346 P.
1329 2307 1383 2345 10
1415 2301 1618 2345 texerint
1650 2300 1795 2357 capil-

108 2363 180 2407 los
221 2362 326 2407 UG.
421 2367 475 2405 12
506 2362 640 2418 putio
672 2361 726 2404 P.
829 2362 1119 2406 deducantur
1158 2361 1259 2406 UG.
1403 2359 1711 2416 adproptione
1739 2359 1792 2404 G.

111 2428 166 2465 12
197 2421 337 2465 habit
368 2421 421 2465 P.
554 2425 611 2463 14
641 2420 821 2464 habent
853 2421 905 2465 P.
1031 2425 1085 2463 15
1118 2420 1198 2476 qui
1234 2420 1288 2464 G.
1410 2418 1665 2462 reducendi
1696 2417 1794 2461 idio

108 2481 229 2525 volit
262 2481 316 2536 P,
348 2479 612 2523 reducendo
645 2479 751 2523 ideo
783 2479 945 2523 volens
987 2479 1090 2523 UG.
1318 2483 1372 2521 17
1407 2477 1646 2521 stomacho
1687 2477 1792 2522 UG.

111 2546 166 2583 19
198 2538 447 2582 macterias
480 2538 534 2582 P.
688 2538 910 2593 cyborum
942 2539 994 2582 P.
1146 2537 1303 2594 potius
1337 2537 1389 2581 P.
1543 2535 1706 2580 canale
1738 2536 1793 2580 P.

111 2604 167 2642 20
198 2596 468 2642 turminosis
498 2597 503 2656 Ι
533 2611 580 2640 se
605 2597 659 2652 P,
691 2596 1014 2640 turminosisse
1054 2597 1158 2641 UG.
1250 2596 1400 2639 multa
1423 2595 1573 2638 multa
1599 2597 1714 2651 (bis)
1738 2596 1792 2640 P.

111 2663 165 2701 21
201 2656 497 2700 discenderat
527 2656 589 2700 P:
624 2656 964 2699 descenderunt
1002 2655 1106 2700 UG.
1230 2669 1320 2710 quo
1353 2655 1414 2699 P:
1446 2654 1530 2698 ubi
1569 2654 1673 2699 UG.

110 2714 368 2759 caucolosis
402 2715 514 2759 PU.
639 2719 693 2757 22
726 2728 835 2758 vero
869 2715 929 2759 P:
963 2729 1046 2759 om.
1083 2714 1192 2758 GU.
1294 2716 1341 2757 et
1365 2712 1623 2769 strangosis
1659 2713 1714 2769 G,
1747 2714 1795 2757 et

111 2772 397 2830 estrangosis
438 2774 483 2818 U
510 2775 616 2829 (que
648 2787 730 2817 om.
773 2773 888 2829 UG).
1052 2772 1275 2829 idropicis
1317 2772 1421 2818 UG.
1574 2771 1705 2815 cibus
1739 2773 1791 2816 P.

111 2838 168 2877 23
200 2831 441 2876 manifesti
472 2832 581 2876 PU.
705 2831 953 2888 collegitur
985 2833 1038 2875 P.
1130 2831 1248 2876 itere
1279 2832 1333 2876 P.
1454 2833 1712 2887 putumque
1738 2831 1790 2876 P.

110 2897 168 2936 24
199 2891 309 2935 illut
325 2891 378 2935 P.
470 2891 685 2934 homores
710 2891 814 2935 UG.
916 2895 971 2934 25
999 2890 1185 2935 suavior
1217 2893 1287 2935 est
1312 2890 1424 2937 UG:
1459 2889 1722 2934 suaviorem
1738 2890 1793 2935 P.

20 3003 30 3022 ,Χ
110 2949 299 2995 sicienti
330 2950 382 2994 P.
504 2951 671 3006 putnm
703 2949 755 2993 P.
