1950 3172
619 146 1068 192 ADDITAMENTA.
1577 143 1685 195 283

0 277 194 323 sinistra
216 276 387 334 pollice
412 279 460 321 et
485 276 636 334 digito
659 275 930 321 medicinali
954 277 1145 334 prende,
1171 278 1219 321 et
1242 276 1292 320 in
1314 290 1482 320 nucem
1505 275 1686 333 regiam

3 342 55 387 id
93 345 166 388 est
201 342 491 401 triangulam
529 345 806 387 excavatam
843 345 952 387 ante
999 343 1110 387 solis
1157 345 1311 387 ortum
1347 342 1500 387 mittis
1539 344 1588 387 et
1626 342 1684 386 de

7 411 178 467 stagno
224 409 426 466 claudis,
474 411 522 453 et
567 408 619 452 in
661 408 856 453 brachio
903 409 1066 454 dextro
1112 409 1157 454 ei
1210 410 1462 466 suspende,
1516 409 1587 453 ita
1631 411 1686 453 ut

3 475 221 531 quotiens
253 477 326 519 est
357 489 471 532 opus
502 475 624 519 hanc
652 488 820 519 nucem
850 474 925 518 cui
955 474 1027 519 vis
1057 475 1346 531 portandam·
1363 475 1458 519 des.
1505 474 1685 519 faecem

1 541 103 586 vini
147 540 261 585 boni
307 543 355 585 et
405 555 494 585 ova
547 541 692 585 cruda
739 540 903 598 misce,
952 543 1000 585 et
1050 543 1107 586 de
1153 554 1308 598 penna
1354 540 1551 597 illinito,
1598 554 1684 585 nec
1729 552 1750 585 5

7 607 137 652 laves
177 607 324 651 donec
363 609 565 652 sanetur.
625 621 736 651 nam
774 609 822 650 et
858 606 976 651 haec
1014 607 1158 651 verba
1203 621 1298 651 non
1334 606 1682 662 praetermittas

1 673 244 717 incantare
275 673 338 716 ad
367 672 526 730 ignem
557 687 740 717 sacrum
769 671 896 729 Ignis
928 675 1092 729 auget,
1123 673 1236 717 foris
1268 672 1377 729 urit,
1411 687 1535 728 aqua
1567 672 1681 717 sitit.

0 752 94 794 quo
124 738 262 783 modo
293 738 382 782 hoc
412 739 633 782 mendum
664 739 766 795 duc,
793 738 860 782 sic
883 751 970 783 nec
994 739 1082 783 hoe
1107 738 1267 784 doleat
1289 752 1375 783 nec
1406 738 1574 782 rubeat
1597 752 1682 783 nec

0 803 51 847 in
79 804 256 849 malum
287 818 335 849 se
365 806 534 849 vertat.

0 891 78 936 Ad
99 893 141 947 I,
163 895 224 936 24
248 894 350 949 (74)
385 887 448 936 de
472 891 839 948 percussibus
871 906 1035 948 apum
1066 894 1153 936 etc.
1179 894 1303 949 (post
1327 892 1491 936 statim
1515 894 1679 949 curat).
1707 905 1749 936 10

120 957 196 1002 Sic
233 957 368 1001 bulbi
406 957 510 1002 triti
549 960 596 1002 et
642 957 864 1014 impositi.
912 958 1001 1001 hoc
1041 960 1089 1002 et
1128 958 1337 1003 dolorem
1375 959 1517 1003 tollit.
1566 962 1614 1002 et
1646 958 1685 1002 si
1717 959 1829 1016 (LII)

1 1023 188 1068 lentisci
218 1038 399 1067 ramum
429 1023 621 1068 sinistra
650 1038 791 1068 mana
821 1026 1028 1079 teneant,
1062 1023 1245 1068 desinet
1270 1024 1414 1069 dolor.
1449 1027 1601 1068 cetam
1627 1025 1683 1068 de
1797 1032 1806 1044 ·

4 1104 116 1134 aure
147 1089 196 1133 in
226 1104 433 1134 morsum
463 1090 719 1147 scorpionis
750 1104 893 1147 pone,
937 1091 985 1133 et
1017 1090 1214 1134 eandem
1244 1089 1408 1134 tritam
1439 1082 1544 1133 cum
1573 1090 1683 1133 vino

2 1157 137 1213 potui
170 1157 295 1201 dato.
343 1156 628 1213 gallinarum
654 1157 751 1200 fimi
783 1156 901 1200 cinis
932 1155 1148 1212 illinitus,
1182 1156 1363 1212 scorpio
1395 1156 1445 1199 in
1470 1156 1572 1200 oleo
1605 1156 1683 1200 de-

2 1222 141 1267 tritus
175 1225 222 1267 et
251 1236 405 1279 penna
436 1222 637 1267 illinitus
668 1237 776 1267 mox
808 1222 1039 1267 subvenit.
1087 1223 1224 1279 panis
1256 1223 1306 1265 in
1345 1222 1454 1266 vino
1486 1222 1682 1278 infusus,
1709 1234 1750 1267 15

0 1291 48 1332 et
71 1288 316 1345 portulaca
346 1288 568 1344 imposita
592 1288 661 1332 ita
686 1288 917 1333 subvenit.
952 1290 1081 1347 [nam
1106 1291 1153 1333 et
1176 1289 1249 1332 his
1277 1302 1458 1346 semper
1479 1289 1683 1345 potioni-

0 1355 85 1399 bus
120 1392 128 1400 .
156 1389 165 1398 .
193 1391 202 1399 .
222 1357 373 1413 peryit
409 1355 574 1399 Theod.

0 1442 76 1487 Ad
98 1444 140 1498 I,
163 1445 225 1487 25
250 1446 351 1498 (75)
385 1443 460 1487 De
494 1442 774 1499 stirpibus
805 1443 895 1487 vel
928 1442 1153 1486 ossibus
1186 1443 1275 1486 vel
1315 1443 1563 1488 telis...
1596 1456 1680 1486 re-

2 1508 186 1565 ceptis
219 1511 274 1553 et
306 1509 514 1553 celatis
556 1509 614 1552 in
653 1522 889 1565 corpore
914 1511 993 1564 (ad
1019 1510 1174 1564 finem,
1214 1510 1296 1553 ubi
1325 1510 1578 1554 clausulam
1616 1511 1681 1554 sic

738 1580 886 1619 mutat
916 1576 960 1619 b:
1705 1588 1747 1618 20

122 1641 239 1685 Sunt
280 1643 328 1685 et
367 1642 483 1685 haec
528 1640 756 1685 beneficia
802 1640 1053 1699 fysicorum
1093 1638 1267 1696 optime
1306 1640 1624 1696 comprobata,
1660 1640 1843 1698 (XXIII)

2 1721 123 1763 quae
153 1707 284 1751 huic
316 1707 441 1751 loco
474 1707 752 1751 adiuncta
786 1721 813 1750 a
844 1707 979 1750 nobis
1011 1706 1232 1762 profiteor
1262 1706 1396 1764 esse]

117 1773 165 1818 Si
197 1773 380 1830 spinam
410 1773 552 1830 piscis
584 1773 660 1817 vel
692 1772 866 1817 ossium
898 1772 1105 1816 assulam
1134 1771 1264 1815 tollis
1298 1774 1345 1815 et
1378 1785 1516 1828 super
1540 1774 1682 1829 caput

1 1839 100 1883 eius
131 1839 266 1896 ponis
300 1842 346 1883 et
378 1839 480 1895 ipsa
512 1853 561 1882 re
594 1839 757 1882 scribis
781 1838 831 1881 in
863 1839 1050 1883 cerebro
1078 1840 1199 1882 ῗὶΟΦ.
1228 1839 1428 1883 Tvxca.
1474 1837 1587 1882 item
1611 1838 1681 1882 in-

2 1907 164 1949 cantas
198 1908 245 1949 et
277 1905 393 1949 dicis
426 1919 595 1949 nomen
624 1905 788 1948 matris
829 1905 928 1948 eius
969 1907 1017 1949 et
1048 1904 1178 1948 dicis.
1235 1904 1319 1948 Ille
1353 1903 1496 1947 Gaius
1534 1904 1679 1959 Seius,
1706 1918 1748 1950 25

1 1985 139 2027 quem
176 1971 359 2028 peperit
396 1971 481 2015 illa
521 1970 640 2015 Gaia
680 1970 810 2027 Seia,
850 1970 900 2014 in
937 1972 1092 2014 mente
1132 1969 1305 2012 habeto
1345 1968 1480 2012 illum
1513 1968 1681 2013 Gaium

1 2037 170 2083 Seium.
220 2039 335 2082 item
365 2037 598 2093 incantes,
633 2036 795 2093 digitis
826 2035 1187 2081 medicinalibus
1226 2035 1379 2078 iosum
1409 2049 1569 2079 versus
1603 2036 1680 2079 de-

6 2104 158 2160 duces,
192 2105 281 2148 hoc
314 2117 523 2148 sermone
546 2103 704 2147 Pallas
737 2102 966 2160 Gorgonis
999 2103 1136 2145 ostan
1167 2100 1418 2157 cavepieni.
1467 2100 1581 2144 item
1612 2101 1681 2144 in-

4 2172 167 2214 cantas
198 2170 364 2214 lasana
387 2170 595 2226 piscator
625 2169 700 2213 exi
722 2170 860 2225 foras,
887 2171 934 2212 et
964 2168 1039 2212 fac
1064 2168 1190 2223 quod
1214 2167 1305 2211 tibi
1328 2166 1468 2211 iussit
1491 2167 1680 2223 Iupiter.

0 2235 115 2280 item
144 2237 287 2293 pedes
320 2235 419 2280 eius
451 2235 501 2279 in
539 2249 711 2290 aquam
748 2235 971 2292 frigidam
1000 2234 1166 2278 mittis.
1221 2234 1336 2277 item
1368 2233 1408 2277 si
1437 2233 1573 2289 panis
1605 2233 1682 2277 vel
1706 2249 1748 2280 30

0 2314 161 2346 caseus
192 2301 268 2345 vel
301 2316 440 2346 ovum
478 2301 754 2358 inhaeserit,
799 2315 856 2345 ex
893 2301 997 2357 ipsa
1027 2314 1076 2344 re
1116 2299 1167 2343 in
1206 2313 1366 2343 aurem
1397 2298 1489 2342 sibi
1519 2301 1679 2355 ponat.

550 2430 566 2451 1

100 2467 146 2505 ·2
178 2468 289 2506 inuc
321 2462 452 2519 regia
483 2462 512 2507 i.
546 2462 708 2519 tangle
740 2463 968 2506 excavata
1000 2463 1037 2505 b.
1160 2465 1185 2503 5
1218 2459 1394 2503 illinita
1426 2461 1466 2505 b.
1591 2464 1614 2503 7
1646 2461 1679 2514 f'.

3 2519 152 2565 sistit?
246 2527 271 2565 8
290 2522 378 2565 duc
397 2523 497 2578 (sic)
515 2523 554 2566 b.
585 2523 619 2576 f.
639 2520 799 2565 ducis?
902 2524 927 2562 9
960 2534 1043 2576 seq.
1072 2518 1121 2562 Si
1145 2519 1230 2562 sub
1248 2518 1501 2562 cuiuslibet
1519 2554 1527 2562 .
1549 2554 1557 2562 .
1579 2554 1587 2563 .
1606 2533 1680 2574 ap.

7 2579 173 2624 Theod.
301 2586 352 2623 12
379 2579 493 2623 Oeta
517 2581 614 2635 (sic)
639 2581 685 2624 b:
710 2581 740 2623 i.
767 2594 802 2624 e.
828 2579 986 2623 sordes
1012 2579 1142 2622 Ptin.
1168 2592 1213 2622 n.
1238 2579 1279 2622 h.
1296 2580 1375 2632 23,
1391 2581 1451 2622 40
1477 2577 1573 2633 (Ps.
1601 2577 1679 2620 Pl.

0 2652 44 2694 p.
69 2641 172 2692 112,
199 2641 262 2694 7).
426 2643 481 2682 14
511 2637 686 2681 illinito
719 2639 757 2682 b.
923 2642 978 2680 22
1013 2650 1041 2679 a
1070 2635 1206 2680 nobis
1239 2638 1311 2680 est
1343 2637 1433 2693 (-1—)
1464 2636 1684 2692 profiteor

2 2709 103 2740 esse
133 2698 170 2740 b.
294 2701 350 2739 23
381 2698 439 2751 cf.
466 2698 614 2742 Marc.
633 2711 682 2753 p.
709 2699 812 2751 152,
837 2700 894 2741 15
929 2694 978 2739 Si
1003 2695 1060 2738 de
1083 2694 1211 2750 pisce
1245 2709 1295 2739 os
1326 2694 1541 2739 faucibus
1573 2695 1683 2739 hae-

3 2755 129 2810 serit,
162 2754 431 2810 spinam...
553 2754 743 2799 hastula
775 2756 814 2800 b.
935 2757 991 2797 25
1023 2753 1158 2810 gaius
1191 2753 1290 2798 eius
1323 2755 1361 2798 b.
1454 2758 1511 2797 26
1531 2753 1682 2810 gaius,

3 2812 129 2856 saius
161 2819 203 2857 et
231 2827 336 2858 mox
366 2813 492 2870 gaiu.
527 2813 678 2857 saium
710 2815 748 2858 b.
834 2817 889 2856 28
921 2812 966 2857 h.
1001 2825 1235 2857 sermone:
1268 2815 1296 2855 h
1322 2812 1328 2871 Ι
1355 2825 1490 2856 mone
1524 2814 1561 2857 b.

0 2885 222 2944 gorgoni‘)
248 2888 286 2931 b.
421 2890 477 2929 30
508 2877 638 2943 inpit
663 2888 700 2932 b.
824 2891 877 2929 31
911 2898 1041 2929 cases
1075 2887 1112 2930 b.
