1950 3172
124 87 128 89 ’
211 100 329 154 274
775 79 1351 145 P’snuDo-rnnonom

217 233 482 279 immixtam
511 232 756 291 imponito.
805 231 1078 289 argemonia
1114 230 1232 277 trita
1270 234 1319 278 et
1354 232 1580 291 imposita
1608 233 1912 283 ferbunculos

217 303 267 346 et
306 303 506 345 strumas
546 303 595 345 et
630 298 872 356 parotides
913 300 1064 343 sanat.
1125 298 1256 359 iecur
1291 299 1454 358 talpae
1495 300 1664 346 tritum
1704 301 1908 361 impone,

217 367 513 412 circumlines
552 366 624 410 ita
663 379 722 410 ne
759 379 845 422 per
881 365 1093 409 triduum
1131 365 1327 411 levetur.
1389 366 1568 412 calcem
1596 367 1758 413 vivam
1785 383 1910 425 quae

218 433 371 478 adhuc
409 447 504 478 non
543 434 615 477 est
653 431 863 476 extincta
902 446 1009 476 cum
1045 431 1203 477 resina
1241 432 1426 489 liquida
1465 436 1514 478 et
1545 434 1686 492 adipe
1715 435 1911 492 porcino

140 511 142 513 ·
169 511 191 544 5
216 515 322 545 611111
360 498 500 543 melle
541 498 740 542 mixtam
778 497 1031 556 imponito,
1070 498 1371 544 ferbunculos
1411 502 1613 545 strumas
1645 503 1694 546 et
1725 496 1936 547 omnem*

216 566 438 610 duritiem
471 565 613 609 solvit
645 567 693 609 et
718 567 868 624 sanat.
916 565 1176 623 galbanum
1200 565 1351 610 solum
1373 565 1617 623 imponito,
1665 568 1910 626 caprinum

214 633 375 676 fimum
406 646 512 676 cum
537 633 671 676 aceto
705 634 891 676 coctum
922 631 1166 688 imponito.
1222 632 1350 677 idem
1381 635 1430 678 et
1459 633 1689 678 bubulum
1719 647 1777 679 ex
1804 634 1910 680 oleo

216 701 400 743 coctum
445 697 574 742 facit.
651 698 946 743 chelidoniae
993 697 1131 742 radix
1177 712 1234 743 ex
1280 701 1414 744 aceto
1461 699 1577 744 trita
1623 700 1906 757 imponatur.

215 763 588 821 quinquefoliam
610 764 807 809 herbam
832 778 1002 820 coques
1027 778 1084 809 ex
1108 767 1258 822 aceto,
1289 768 1412 810 teres
1438 768 1486 810 et
1509 766 1646 823 quasi
1669 767 1910 824 malagma

147 845 190 876 10
214 831 440 888 impones,
475 831 638 876 statim
671 846 812 888 supra
844 831 1043 888 scriptas
1078 831 1273 876 durities
1306 834 1355 876 et
1393 826 1725 889 condylomata
1757 834 1906 878 sedat.

216 898 465 955 strychnus
496 898 644 943 herba
675 898 726 942 in
755 912 878 955 pane
910 897 1065 942 infuso
1097 898 1213 942 trita
1246 901 1329 943 aut
1361 913 1466 943 cum
1491 899 1698 956 axungia
1728 900 1909 944 recenti
1944 907 1950 915 ‘

213 964 438 1022 imposita
471 967 673 1008 strumas
707 967 755 1009 et
787 979 927 1021 supra
960 965 1136 1022 scripta
1169 967 1318 1010 sanat.
1381 965 1458 1009 fici
1489 965 1606 1009 folia
1645 968 1729 1010 aut
1766 981 1908 1024 poma

213 1031 319 1088 ipsa
365 1031 603 1075 inmatura
650 1031 766 1075 trita
812 1031 1021 1088 impone,
1080 1031 1244 1075 statim
1296 1045 1455 1076 omnes
1501 1034 1706 1077 tumores
1754 1036 1906 1078 sanat.

214 1097 418 1154 iuniperi
451 1112 609 1142 semen
639 1098 807 1141 tritum
838 1111 893 1142 ex
926 1097 1029 1143 oleo
1063 1100 1111 1142 et
1142 1100 1278 1142 aceto
1310 1098 1511 1143 mixtum
1540 1092 1785 1156 imponito.

146 1199 188 1231 15
253 1187 333 1230 Ad
363 1188 481 1231 idem
511 1187 554 1241 Ι,
581 1192 638 1231 10
662 1189 743 1240 (29
775 1192 816 1231 et
844 1190 923 1242 30)
949 1213 1009 1219 —
1031 1188 1122 1231 vid.
1156 1188 1218 1231 ad
1247 1193 1420 1232 textum
1453 1189 1619 1242 (tribus
1649 1190 1702 1233 in
1733 1190 1861 1244 locis)

211 1319 290 1362 Ad
313 1319 348 1361 I
365 1322 423 1362 12
451 1322 552 1374 (38)
576 1318 652 1362 De
685 1253 988 1362 oculorur1117
989 1254 1198 1363 hggqiogis
1235 1322 1317 1375 (ad
1346 1322 1597 1379 caliyantes
1627 1323 1776 1366 oculos
1801 1328 1909 1378 post

56 1452 198 1508 (XIII)
338 1451 417 1495 Sal
450 1451 782 1508 Cappadocum
813 1387 1153 1506 quodpfldldgitblii
1180 1452 1322 1497 fricas
1353 1453 1404 1497 in
1428 1456 1534 1498 cute
1567 1468 1672 1498 cum
1703 1469 1827 1511 aqua
1858 1458 1909 1500 et

147 1533 189 1564 20
215 1517 449 1562 immisces
483 1518 730 1575 collyrium
764 1517 993 1582 diarodon
1026 1520 1074 1562 et
1112 1519 1357 1576 inungues.
1397 1519 1591 1564 feniculi
1617 1534 1774 1566 semen
1804 1524 1904 1567 tere

213 1584 484 1641 diligenter,
521 1587 569 1629 et
592 1585 835 1648 ‘immisces
875 1585 989 1642 mel,
1038 1588 1085 1629 et
1131 1585 1302 1630 iterum
1341 1588 1463 1631 teres
1505 1589 1553 1631 et
1590 1587 1824 1632 immisces
1857 1590 1907 1633 et

213 1666 405 1708 ungues.
441 1654 687 1708 expertum
719 1654 803 1695 est.

329 1718 654 1762 Membranum
688 1718 785 1763 sive
818 1718 980 1762 album
1013 1719 1070 1762 de
1105 1718 1252 1763 oculis
1276 1718 1551 1763 tollendum.
1596 1718 1724 1763 faeni
1746 1719 1906 1777 graeci

212 1797 369 1827 semen
403 1784 459 1827 de
493 1798 617 1839 aqua
641 1784 774 1828 lavas
799 1784 960 1828 novies
987 1787 1035 1829 et
1058 1785 1107 1828 in
1140 1800 1263 1841 aqua
1286 1786 1329 1828 X
1353 1799 1535 1841 coques.
1587 1785 1800 1842 dactylos
1823 1786 1904 1842 ΙΙΙ,

145 1864 187 1895 25
214 1849 368 1894 mellis
412 1850 644 1894 coclearia
675 1851 762 1907 ΠΙ,
810 1851 1003 1895 feniculi
1052 1866 1213 1896 sucum
1253 1855 1482 1908 quantum
1519 1852 1724 1896 volueris
1766 1852 1906 1896 simul

332 2046 353 2083 1
390 2043 664 2098 argemonia
699 2044 847 2087 herba
882 2059 907 2089 r
934 2045 1116 2089 (Dioge.
1144 2060 1193 2101 p.
1221 2048 1313 2089 326
1347 2045 1522 2101 Lipsjs
1562 2044 1824 2101 agrimonia
1865 2047 1904 2089 b.

210 2102 258 2143 et
292 2102 398 2156 (bis)
434 2116 515 2146 om.
550 2118 585 2146 r.
723 2109 747 2146 2
779 2103 1022 2159 parotidas
1058 2106 1161 2159 (sic)
1197 2106 1256 2149 br
1291 2107 1361 2159 (ut
1390 2107 1567 2161 supra).
1689 2106 1832 2163 taupe
1864 2119 1903 2149 r.

208 2202 331 2245 pone
367 2192 414 2233 et
446 2190 709 2234 circumlini
742 2193 781 2246 b,
814 2190 1000 2248 impone
1022 2192 1220 2247 circum.
1254 2191 1372 2236 lenis
1405 2207 1441 2237 r.
1635 2198 1663 2236 4
1696 2175 1905 2236 e{tincta

212 2250 315 2303 (sic)
349 2264 385 2293 r.
523 2255 548 2292 5
583 2254 638 2292 οῦ
670 2250 809 2293 melle
837 2252 845 2307 1
872 2250 1021 2294 mixtu
1056 2254 1080 2296 b
1115 2253 1192 2307 (cf.
1227 2252 1378 2296 Marc,
1405 2266 1453 2308 p.
1480 2255 1585 2306 146,
1609 2254 1711 2306 15).-
1744 2253 1903 2308 (porc.)

191 2307 413 2356 ‚comixto
445 2324 481 2353 r.
578 2314 603 2352 6
638 2309 864 2353 duriciem
897 2312 941 2355 b:
976 2309 1152 2354 —tiam
1183 2326 1220 2356 r.
1313 2310 1586 2368 impositum
1616 2326 1653 2354 r.
1749 2314 1772 2353 7
1799 2324 1905 2353 cum

210 2369 255 2410 b:
290 2380 346 2410 ex
377 2382 413 2411 r.
539 2368 783 2412 decoctum
813 2384 849 2413 r.
974 2373 1000 2413 8
1034 2369 1266 2427 celidonie
1300 2372 1368 2414 br.
1461 2369 1691 2426 imponito
1724 2371 1838 2424 (hic)
1864 2385 1903 2414 r.

211 2430 236 2467 9
255 2425 578 2486 quinquefolic
604 2427 752 2471 herba
771 2429 874 2484 (ips.
894 2443 1006 2474 corr.
1025 2444 1080 2474 em
1101 2429 1263 2480 herbe)
1284 2431 1330 2474 b:
1356 2427 1678 2484 quinquefolia
1701 2428 1848 2472 herba
1864 2443 1902 2474 r.

329 2485 556 2541 maligma
589 2488 627 2530 b.
754 2491 809 2529 10
842 2492 886 2531 ἴε
913 2490 951 2532 b.
1077 2487 1275 2531 duritias
1309 2490 1356 2531 et
1387 2487 1705 2531 condilomata
1735 2502 1780 2532 r:
1822 2488 1902 2530 do-

209 2542 332 2586 lores
362 2543 368 2602 Ι
397 2544 727 2589 condolomata
761 2548 797 2590 b.
965 2552 1017 2591 11
1054 2547 1259 2604 strignus
1293 2549 1362 2591 br.
1545 2560 1650 2589 cum
1679 2559 1801 2603 pane
1832 2545 1904 2589 in-

209 2601 317 2644 fusa
348 2617 384 2646 r.
538 2604 717 2648 recenti
750 2607 795 2649 b:
828 2608 936 2649 —te
968 2622 1003 2651 r.
1171 2611 1223 2649 12
1257 2608 1304 2650 et
1337 2620 1476 2661 supra
1509 2604 1684 2661 scripta
1717 2606 1820 2660 (sic)
1855 2607 1903 2650 b:

214 2676 449 2730 (strumas)
471 2677 513 2719 ss
538 2693 574 2722 r.
671 2683 725 2721 13
760 2673 898 2723 sanat
930 2682 976 2724 b:
1011 2682 1140 2723 stant
1169 2695 1206 2724 r.
1283 2701 1288 2708 ·
1357 2683 1411 2722 19
1441 2680 1549 2723 haec
1579 2693 1674 2723 mn
1703 2680 1834 2723 habet
1862 2695 1904 2734 r,

212 2735 291 2788 qui
321 2735 427 2777 inde
465 2738 521 2778 ab
564 2738 699 2780 initio
737 2739 874 2783 huius
912 2737 1107 2795 capituli
1145 2740 1238 2782 alio
1269 2744 1396 2782 textu
1432 2752 1542 2782 usus
1584 2753 1671 2783 esse
1707 2739 1903 2793 videtum,

209 2805 290 2834 nec
309 2798 524 2858 prostavit
548 2796 599 2837 ‘m
622 2809 644 2838 c
669 2798 778 2851 quia
811 2800 862 2841 in
885 2799 964 2842 hoc
988 2799 1136 2842 codice
1159 2798 1423 2842 exciderunt
1441 2799 1579 2851 (inter
1600 2799 1680 2852 fol.
1696 2799 1899 2851 24—25)

210 2864 239 2891 a
272 2851 418 2893 verbis
451 2851 499 2893 Si
532 2852 607 2894 cui
640 2854 764 2896 oculi
795 2856 1209 2900 reumatizaverint
1235 2858 1319 2912 (ed.
1345 2856 1456 2913 Ary.
1476 2871 1525 2912 p.
1551 2860 1624 2911 11,
1649 2859 1699 2911 8)
1729 2856 1735 2915 Ι
1761 2869 1903 2912 usque

209 2909 273 2951 ad
303 2922 341 2951 v.
372 2907 378 2965 Ι
408 2911 490 2951 aut
523 2911 703 2953 arboris
735 2913 837 2967 pini
861 2915 977 2958 folia
1001 2914 1219 2959 molliora
1251 2917 1334 2958 aut
1365 2917 1606 2960 anetum..
1628 2917 1900 2971 .(p.14,16).
