1988 3184
183 122 293 176 325
538 86 544 92 ’
727 121 1306 165 Psnuno-'mnonom

126 255 172 313 (s
300 255 376 299 Ad
409 253 638 298 stomachi
664 252 872 297 dolorem
903 254 952 296 et
982 253 1143 296 ructus
1171 265 1356 296 amaros
1380 265 1498 307 quos
1521 264 1608 296 nec
1629 250 1762 309 potio
1784 265 1892 308 nec,

184 321 280 366 cibi
324 321 502 366 iuvant.
550 318 819 365 centauriae
865 318 1009 363 tritae
1056 317 1179 376 scrip
1203 318 1336 363 VIIII
1381 317 1433 361 in
1478 317 1579 363 vini
1627 318 1778 375 cyatis
1807 317 1903 365 ΙΠ

129 388 267 453 Lper
294 387 503 432 triduum
533 386 682 431 bibat.
722 386 812 429 hoc
845 387 893 429 et
922 384 1190 429 lumborum
1221 386 1269 429 et
1299 383 1463 429 lateris
1493 383 1644 428 dolori
1665 385 1913 442 prodest.

182 457 316 499 rutae
364 467 520 498 semen
558 467 664 497 cum
711 451 932 508 sulphure
972 451 1082 496 vivo
1128 452 1179 495 in
1221 453 1356 496 aceto
1396 450 1651 495 contritum
1688 450 1873 496 ieiunus

138 537 160 570 5
217 522 388 565 ustato.

184 535 217 578 g
300 586 375 629 Ad
414 585 680 629 inflationes
721 587 768 629 et
816 584 1018 629 acriores
1067 583 1299 628 stomachi
1340 582 1538 629 dolores.
1593 582 1789 628 feniculi
1828 584 1876 628 et
1917 607 1927 639 ς,

184 652 282 709 apii
319 652 501 696 radices
533 651 584 695 in
620 651 730 696 vino
769 651 920 696 veteri
955 651 1066 695 albo
1105 650 1347 705 infundes,
1395 652 1444 694 et
1482 650 1667 695 ieiunus
1706 649 1875 695 exinde
1936 679 1939 682 -

156 720 346 775 fcyatos
389 718 503 762 duos
549 717 699 761 bibat.
754 720 890 762 rutae
928 717 1177 775 paululum
1217 717 1268 761 in
1315 716 1422 761 cibo
1464 719 1548 761 aut
1593 716 1646 760 in
1683 716 1876 774 potione
1931 737 1935 739 ’

186 784 369 829 sumito.
416 784 576 827 fimum
613 784 758 828 vituli
790 798 847 828 ex
884 783 995 829 vino
1034 783 1170 840 potui
1211 784 1344 841 dato,
1390 782 1605 827 omnibus
1647 782 1879 828 stomachi

120 868 161 899 10
186 850 387 907 querelis
421 851 651 895 subvenit.
700 851 910 908 lapidem
941 853 1150 907 gagaten
1179 850 1231 894 in
1263 865 1387 906 aqua
1411 850 1608 894 fontana
1633 851 1878 908 decoques,
1948 890 1951 891 ⁷

187 920 235 962 et
264 917 412 962 bibat.
464 917 758 962 diatessaron
790 917 1097 975 suprascripti
1122 917 1328 962 antidoti
1352 916 1563 961 cocleare
1587 918 1608 961 Ι
1640 932 1746 961 cum
1767 916 1878 962 vino

187 986 269 1027 aut
301 984 457 1027 calida
490 999 612 1039 aqua
644 984 828 1028 ieiunus
853 983 1004 1040 bibat,
1038 984 1254 1028 omnibus
1281 983 1512 1027 stomachi
1544 983 1746 1039 querelis
1773 984 1879 1027 sub-

187 1048 331 1093 venit.
378 1049 467 1093 hoc
501 1049 541 1093 si
571 1050 712 1094 tertio
746 1050 850 1106 quis
882 1049 932 1093 in
973 1065 1094 1095 anno
1134 1050 1332 1108 biberit,
1375 1064 1556 1107 semper
1587 1050 1881 1094 stomachum

193 1130 358 1159 sanum
388 1116 599 1171 habebit,
630 1117 883 1173 probatum
916 1120 999 1161 est.

123 1197 166 1230 15
302 1182 679 1241 [Declinantibns
712 1197 822 1227 vero
856 1184 1096 1228 doloribus
1130 1183 1367 1241 cyminum
1397 1184 1570 1228 frixum
1596 1221 1604 1229 .
1633 1220 1641 1229 .
1669 1220 1678 1229 .
1705 1184 1784 1229 Pr.

593 1286 671 1331 Ad
701 1288 752 1331 id
774 1287 844 1342 II,
868 1291 930 1332 29
955 1290 1033 1344 (89
1060 1294 1166 1344 post
1197 1288 1481 1346 applicabo).

310 1354 358 1396 et
396 1352 571 1396 herbae
622 1353 898 1397 Victoriolae
955 1354 1055 1398 suci
1102 1357 1263 1411 cyatos
1297 1355 1362 1398 ΙΙΙ
1409 1369 1514 1398 cum
1558 1354 1698 1398 melle
1747 1352 1881 1411 potui

197 1417 308 1462 dato
339 1417 511 1475 ieiuno,
544 1434 652 1463 mox
683 1420 862 1464 incidet
892 1420 1078 1478 flegma.

312 1485 528 1538 Quibus
569 1489 757 1531 autem
790 1501 854 1531 ex
892 1488 1168 1544 flegmate
1207 1487 1450 1532 inflatio
1491 1487 1671 1531 fuerit
1710 1489 1758 1531 et
1791 1489 1884 1530 sto-

126 1566 169 1597 20
193 1551 385 1595 machus
417 1551 671 1608 infrixerit,
714 1553 898 1598 calidae
930 1554 1231 1598 unctionibus
1265 1555 1498 1598 curandus
1532 1556 1616 1598 est.
1664 1553 1884 1597 mastices

193 1619 378 1661 mentae
418 1619 681 1676 arnoglossi
720 1620 894 1677 piperis
936 1621 1137 1665 castorei
1178 1636 1269 1665 ana
1299 1633 1361 1669 ÷
1383 1622 1415 1666 I.
1459 1635 1571 1665 nam
1611 1622 1659 1664 et
1697 1619 1885 1664 corticis

194 1683 367 1727 radicis
406 1684 601 1729 feniculi
639 1686 811 1730 libram
842 1688 863 1730 Ι
895 1689 943 1731 et
976 1687 1027 1744 S,
1076 1687 1200 1731 aceti
1250 1688 1299 1731 98
1329 1687 1372 1730 ΙΙ
1412 1700 1582 1742 coques
1629 1699 1777 1742 usque
1825 1685 1886 1729 ad

194 1750 510 1807 medietatem,
541 1754 588 1796 et
611 1753 721 1797 huic
746 1756 880 1798 aceto
904 1757 1089 1811 partem
1111 1755 1177 1798 ΙΙΙ
1200 1753 1354 1798 mellis
1387 1753 1683 1810 admiscebis,
1715 1753 1887 1798 iterum

197 1830 379 1873 coques,
413 1820 460 1861 et
484 1818 533 1861 in
556 1820 746 1863 modum
778 1820 990 1864 electarii
1015 1820 1175 1865 uteris.
1210 1820 1427 1864 similiter
1452 1819 1747 1863 adiuvabunt
1776 1834 1886 1876 oxy-

130 1895 174 1927 25
195 1883 330 1938 poria
370 1897 426 1927 ex
466 1899 622 1929 ameos
663 1886 924 1947 (semine).
982 1887 1109 1931 item.
1143 1886 1355 1944 ligustici
1395 1886 1493 1943 apii
1541 1885 1730 1930 seminis
1763 1898 1822 1934 —3—
1851 1886 1886 1942 I,

196 1947 371 2004 piperis
394 1960 454 1998 ÷
476 1951 519 1994 ΙΙ
543 1966 648 1995 cum
678 1952 815 1997 melle
850 1954 1126 2010 despumato
1160 1953 1367 2010 colliges,
1402 1955 1450 1996 et
1479 1954 1588 2009 post
1620 1952 1749 1996 cibos
1774 1951 1886 1995 bina

200 2014 430 2059 coclearia
461 2016 617 2061 ieiuno
652 2019 800 2063 dabis.

319 2081 377 2124 Si
406 2096 536 2126 vero
568 2083 807 2128 inflatio
842 2086 1124 2129 stomachi
1157 2101 1263 2130 cum
1292 2085 1506 2130 tensione
1545 2084 1708 2141 fuerit,
1749 2084 1887 2128 fasci-

201 2146 356 2190 culum
393 2149 560 2206 puleii,
608 2150 781 2195 herbae
827 2154 1027 2208 nepetae
1066 2152 1347 2196 tantundem
1395 2152 1625 2207 decoques
1671 2151 1722 2194 in
1765 2164 1888 2206 aqua

132 2226 176 2257 30
202 2212 477 2271 diutissime,
510 2216 684 2273 piperis
710 2225 737 2267 3
762 2218 783 2260 Ι
814 2221 952 2274 teres,
983 2219 1137 2263 mellis
1163 2219 1372 2263 cocleare
1397 2219 1419 2262 I
1448 2217 1666 2262 miscebis
1690 2217 1742 2260 in
1765 2231 1888 2272 aqua

202 2281 538 2387 {uprascriptm
580 2285 627 2326 et
658 2283 807 2328 bibat.
842 2287 889 2328 et
921 2285 1063 2329 aforis
1089 2285 1341 2343 ‘epithema
1372 2284 1582 2342 impones
1620 2284 1782 2328 Nileos
1813 2282 1890 2328 vel

235 2359 513 2391 lasamsucu.

322 2484 345 2521 1
378 2479 453 2523 Ad
485 2483 540 2525 st.
576 2481 618 2525 d.
652 2484 776 2527 rubr.
810 2484 862 2527 irc
894 2486 931 2528 b.
1023 2488 1053 2526 ‘4
1078 2483 1179 2529 S‘b.
1304 2484 1520 2529 contrito.
1555 2486 1602 2527 et
1632 2482 1816 2527 ieiunus
1850 2483 1888 2526 b.

205 2542 230 2579 6
262 2537 336 2580 Ad
368 2537 461 2582 infl.
494 2542 617 2585 rubr.
652 2542 690 2585 b.
815 2546 839 2585 7
872 2541 1082 2586 infundis
1117 2545 1154 2588 b.
1291 2548 1342 2586 11
1377 2543 1473 2588 bib.
1508 2545 1546 2588 b.
1691 2547 1738 2587 s}
1769 2539 1890 2585 anti-

205 2596 319 2639 dotfi
352 2599 389 2641 b.
514 2603 567 2642 12
600 2599 695 2644 bib.
731 2602 767 2644 b.
895 2605 949 2645 17
981 2603 1057 2646 Ps.
1091 2602 1232 2658 Apul.
1266 2617 1301 2647 c.
1329 2605 1389 2646 59
1416 2604 1487 2658 (l).
1624 2605 1677 2645 19
1711 2600 1889 2655 Quibus

204 2660 281 2698 etc.
313 2657 435 2700 rubr.
470 2658 507 2700 b.
649 2663 706 2702 20
737 2659 949 2719 Mastice.
982 2662 1154 2705 menta.
1190 2661 1465 2718 arnoglossa
1495 2676 1572 2719 pp.
1607 2662 1818 2704 castoreo
1849 2659 1888 2703 b.

207 2745 261 2783 21
297 2743 491 2809 cortices
525 2746 562 2789 b.
692 2752 747 2790 23
781 2723 818 2803 tp
850 2748 1014 2792 mmelt
1046 2748 1256 2793 amisces.
1290 2739 1344 2793 lt
1365 2751 1402 2794 b.
1594 2753 1652 2792 24
1683 2746 1819 2793 el'ect
1849 2747 1888 2792 b.

209 2812 431 2855 oxoporia
463 2816 677 2848 exameos
712 2808 736 2850 b
761 2808 861 2861 (om.
888 2809 943 2863 ἓ).
1087 2811 1142 2850 25
1175 2807 1383 2852 liuestici
1415 2809 1454 2852 b.
1605 2812 1663 2852 28
1694 2808 1818 2852 rubr.
1850 2805 1890 2850 b.

209 2861 264 2900 29
295 2861 435 2925 nepte
469 2862 506 2904 b.
630 2868 685 2906 30
717 2864 831 2907 teris
864 2867 902 2910 b.
1023 2865 1192 2909 misces
1225 2869 1262 2911 b.
1387 2871 1441 2909 31
1476 2870 1524 2910 ἔξ
1554 2867 1593 2911 b.
1722 2864 1818 2910 bib.
1850 2864 1908 2909 b..

209 2919 417 2974 epytima
446 2920 603 2974 iponis
635 2921 876 2966 Dianileos
909 2924 939 2966 l'
975 2923 1054 2967 dia
1087 2929 1302 2969 samsucfi
1335 2927 1374 2971 b.
1874 2961 1877 2964 ι
