1988 3184
700 82 1367 164 111111111111Ε11111.Ἰ
1652 87 1760 166 309

36 253 239 312 *adipis
269 252 451 311 porcini
481 279 541 286 —-
562 252 603 297 Ι.
644 254 821 296 stercus
860 249 1103 307 caprinum
1132 248 1184 292 in
1222 247 1342 292 silva
1374 247 1624 291 inventum
1654 259 1763 290 con-

1 334 30 375 ,ἐν
80 322 204 366 teres
236 335 342 364 cum
373 319 476 364 oleo
508 320 556 363 et
587 317 766 362 colabis
796 317 959 373 linteo,
991 318 1039 361 et
1068 314 1203 372 potui
1235 313 1441 358 calidum
1472 311 1621 357 dabis.
1667 313 1763 356 do-

0 374 43 453 ’ζ’
81 385 236 431 10108
278 385 485 430 lateris
532 386 698 442 sanat:
716 379 1008 429 diatessaron
1053 381 1179 438 quod
1226 380 1292 424 sic
1338 379 1593 425 conficitur.
1639 378 1763 424 lauri

81 452 241 509 bacas,
272 463 470 508 murae,
502 449 847 506 aristolochiae,
878 448 1131 507 gentianae
1156 461 1247 491 ana
1275 457 1335 496 -2—
1358 447 1393 503 I,
1424 445 1578 491 mellis
1602 445 1764 502 <quod

4 563 7 566 ,
85 518 303 577 sufficit).
367 488 503 562 dabis
549 516 716 562 exinde
763 530 868 559 cum
913 514 1069 559 calida
1112 513 1268 571 potui,
1322 509 1492 557 mirum
1538 514 1630 569 est,
1684 509 1762 555 vel
1810 522 1831 556 5

4 598 5 604 ¹
82 584 188 635 loco
224 598 309 641 pro
339 583 626 658 malagmate
664 581 888 638 imponat.
931 580 1127 625 herbam
1159 579 1413 623 verbenam
1449 577 1650 623 viridem
1678 576 1762 621 tri-

82 653 182 696 tam
225 665 331 695 cum
367 649 500 707 vino,
541 649 580 692 si
617 662 713 692 non
750 646 912 703 febrit,
951 646 1109 703 bibat,
1151 646 1328 690 bonum
1366 647 1450 690 est.
1498 645 1586 688 hoc
1626 645 1675 688 et
1706 643 1768 704 ad

84 715 289 774 pectoris
330 715 512 759 dolores
552 716 600 758 et
639 714 702 757 ad
739 712 986 757 convulsos
1024 711 1153 756 facit.
1201 711 1452 768 gentianae
1481 721 1541 759 -ζ-
1572 710 1638 766 11,
1683 708 1766 752 iris

16 844 19 846 -
85 782 299 839 illyricae
322 791 382 830 -ζ-
405 781 485 836 ΙΠ,
516 793 700 823 murrae
723 789 783 828 ÷
807 779 850 834 S,
880 777 1056 835 piperis
1079 777 1138 828 ’-”;-
1164 777 1206 822 S.
1241 775 1495 834 separatim
1520 775 1636 819 trita
1665 789 1768 832 per-

83 847 302 892 miscebis
333 846 484 891 melle.
534 845 660 890 dosis
692 846 754 889 ad
776 844 1151 901 magnitudinem
1182 843 1443 899 abellanae,
1475 857 1581 885 cum
1612 840 1768 885 calida
1791 854 1834 886 10

85 915 235 959 bibat.
282 913 422 958 fabae
450 911 646 956 lomenti
675 911 913 955 heminam
935 911 969 967 Ι,
1001 909 1124 954 131111
1154 909 1380 953 bacarum
1401 919 1461 957 ÷
1483 909 1517 964 I,
1550 907 1769 965 mastices

85 992 143 1031 -ζ-
166 981 212 1037 1,
259 993 452 1024 ovorum
482 977 648 1022 vitella
678 977 777 1022 VH.
818 979 1028 1020 conteres
1061 975 1316 1032 separatim
1355 976 1402 1019 ct
1449 973 1771 1018 commiscebis

84 1047 279 1092 terendo
310 1045 360 1089 in
390 1059 547 1101 unum,
580 1044 726 1088 linteo
758 1043 951 1087 induces
984 1044 1032 1087 et
1061 1041 1201 1086 lateri
1235 1040 1413 1086 dolenti
1444 1040 1669 1098 impones,
1695 1053 1770 1083 ex-

86 1114 274 1170 pertum
305 1113 388 1156 cst.

207 1178 296 1223 Sic
322 1176 653 1233 sanguinem
678 1174 988 1219 erraticum
1012 1174 1252 1218 curabis.
1278 1172 1580 1230 personaciae
1596 1172 1770 1216 herbae
1794 1184 1837 1217 15

87 1245 296 1288 radicem
328 1257 432 1287 cum
464 1241 668 1298 axungia
691 1241 841 1286 veteri
864 1243 987 1285 teres
1012 1243 1060 1284 et
1082 1240 1306 1296 impones,
1349 1239 1502 1296 picem
1525 1238 1770 1295 virginem,

38 1367 41 1370 y
87 1314 135 1356 et
167 1310 360 1367 sulphur
383 1309 542 1354 vivum
564 1308 615 1351 in
637 1308 821 1363 liquata
850 1307 954 1364 pice
985 1306 1283 1363 immiscebis,
1316 1309 1364 1350 et
1401 1306 1577 1350 nitrum
1605 1305 1771 1349 tritum

88 1389 470 1434 superaspergeS,
511 1377 559 1418 et
598 1374 761 1418 charta
799 1373 982 1430 virgine
1020 1373 1265 1416 inductum
1303 1372 1509 1416 calidum
1546 1371 1769 1428 impones

87 1443 235 1488 herba
265 1441 517 1499 perdicalis
547 1443 688 1484 tunsa
720 1442 767 1484 et
797 1439 1020 1496 imposita
1060 1439 1334 1495 sanguinem
1375 1437 1625 1482 erraticum
1654 1436 1770 1480 mire

92 1509 322 1566 dispergit
353 1510 400 1551 et
431 1509 576 1552 curat.
1795 1514 1838 1546 20

207 1598 285 1641 Ad
308 1597 378 1651 II,
404 1600 431 1640 5
458 1598 556 1650 (21)
581 1594 657 1638 De
689 1592 1199 1650 peripleumonicis
1229 1595 1351 1649 (post
1381 1591 1651 1647 valeamus).

207 1663 331 1706 Nam
363 1664 410 1705 et
440 1660 697 1718 galbanum
729 1674 833 1703 cum
863 1658 1002 1703 melle
1034 1658 1083 1701 in
1106 1658 1210 1702 foco
1238 1657 1494 1702 resolutum
1518 1659 1566 1700 et
1591 1656 1770 1700 duobus

92 1728 334 1773 cocleariis
358 1727 492 1784 potui
525 1728 688 1770 datum
712 1726 885 1783 optime
909 1725 1037 1769 facit.
1087 1727 1134 1768 et
1156 1724 1372 1781 pthisicis
1396 1724 1522 1768 idem
1545 1724 1770 1767 medetur.

90 1794 285 1840 feniculi
341 1807 496 1838 semen
545 1793 710 1837 tritum
757 1795 804 1836 et
859 1807 962 1836 cum
1008 1791 1165 1835 calida
1209 1790 1415 1835 bibitum
1458 1790 1634 1834 bonum
1687 1791 1770 1833 est.

90 1862 265 1906 herbae
304 1860 576 1916 hyoscyami
616 1873 776 1903 sucum
814 1859 1025 1915 tepidum
1070 1857 1204 1914 potui
1244 1856 1401 1913 dabis,
1449 1870 1555 1900 cum
1594 1869 1772 1899 summa
1796 1865 1838 1898 25

93 1927 404 1971 admiratione
437 1925 693 1969 sanabitur.
740 1925 962 1969 trociscos
997 1924 1345 1980 diaspermaton
1375 1922 1508 1979 potui
1542 1921 1689 1966 dabis.

152 2016 230 2060 Ad
252 2015 330 2070 II,
356 2019 384 2058 6
410 2016 492 2069 (22
515 2019 556 2058 et
577 2015 659 2068 23)
684 2013 760 2056 De
794 2011 1158 2069 synanchicis
1189 2015 1307 2068 (post
1337 2010 1590 2066 gubernari
1620 2024 1714 2054 non

211 2082 433 2137 poterunt
450 2106 504 2111 —
529 2081 619 2124 vid.
653 2081 787 2124 etiam
818 2081 880 2124 ad
915 2080 1080 2124 Theod.
1104 2093 1152 2135 Ρ.
1179 2081 1285 2133 120,
1307 2080 1350 2122 2.
1377 2080 1447 2121 14.
1483 2080 1587 2132 121,
1611 2080 1674 2132 1).

215 2146 516 2203 Singultus
551 2146 596 2189 si
627 2145 859 2189 innatus
890 2144 1089 2201 fuerit,
1121 2158 1286 2188 manus
1310 2143 1410 2187 eius
1436 2143 1598 2186 ambas
1622 2142 1673 2185 in
1697 2156 1772 2186 ca-

93 2212 193 2256 lida
234 2212 410 2256 diutius
449 2214 497 2256 et
534 2211 849 2270 frequentius*
862 2210 1012 2255 teneri
1049 2209 1209 2254 facias.
1257 2208 1392 2265 piper
1426 2210 1474 2252 et
1512 2210 1773 2252 castoreum
1796 2221 1839 2252 30

213 2365 434 2422 ladipes
465 2364 681 2437 porcinos
711 2365 827 2413 —I.
920 2363 1120 2408 conteris
1153 2365 1190 2408 b.
1283 2367 1308 2406 2
1335 2362 1463 2406 colas
1488 2363 1525 2406 b.
1619 2359 1702 2405 cal'
1732 2362 1770 2405 b.

94 2430 123 2468 4
154 2439 334 2469 3113-
355 2423 469 2468 Μο11
516 2425 552 2469 b.
706 2428 731 2466 6
763 2423 1000 2480 malagma
1032 2425 1069 2468 b.
1221 2421 1493 2465 verbenam:
1526 2421 1582 2475 cf.
1618 2421 1770 2464 Marc.

87 2487 267 2542 p.244,
298 2487 371 2528 18.
509 2486 535 2525 8
567 2482 819 2539 gentianae
851 2488 927 2527 etc.
960 2483 1059 2539 110οω
1071 2482 1188 2526 idem
1213 2482 1398 2537 plenius
1427 2481 1616 2524 habetwr
1647 2480 1774 2535 apud

95 2542 368 2588 Marcellum
398 2557 433 2587 0.
458 2545 519 2586 24
543 2556 580 2598 p
616 2538 1271 2597 244,10—16.hiris
1302 2540 1353 2582 ul
1381 2564 1442 2571 —
1471 2538 1548 2582 ΠΙ.
1584 2539 1623 2583 b.

96 2622 121 2660 9
159 2615 285 2660 trita>
313 2612 522 2674 pmisce⁸.
555 2613 696 2660 Mell'.
737 2614 874 2659 Dasis
907 2614 969 2658 ad
997 2648 1005 2658 .
1033 2614 1129 2658 ..b
1161 2614 1242 2669 (sic
1274 2612 1399 2657 dosis
1430 2612 1486 2667 cf.
1506 2616 1549 2667 1,
1572 2616 1632 2657 97
1661 2613 1771 2668 etc).

96 2680 149 2718 11
182 2675 393 2718 lumentfi
425 2676 462 2719 b.
656 2674 747 2718 bac
779 2675 817 2718 b.
1026 2671 1221 2716 mastice
1253 2673 1290 2717 b.
1459 2675 1513 2714 12
1547 2672 1638 2724 otis
1673 2708 1681 2716 .
1717 2707 1726 2716 .
1762 2706 1771 2715 .

44 2769 47 2771 .
96 2733 317 2778 comisces
349 2735 388 2778 b.
569 2737 624 2776 13
654 2732 797 2779 induc
829 2734 868 2777 b.
1020 2736 1075 2776 15
1109 2729 1429 2775 Sic—curabis
1459 2731 1583 2775 rubr.
1615 2743 1698 2775 scr.
1732 2730 1771 2774 b.

98 2796 152 2836 17
183 2791 471 2848 inreliquata
502 2794 539 2838 b.
689 2791 876 2836 imisces
909 2793 946 2836 b.
1040 2794 1096 2834 18
1129 2791 1202 2833 cal
1235 2792 1274 2835 b.
1380 2794 1434 2832 22
1469 2789 1559 2832 (1110
1592 2787 1703 2832 0001’
1731 2789 1772 2833 b.

97 2855 154 2895 24
183 2851 266 2895 bib
298 2853 337 2896 b.
491 2855 546 2895 25
577 2849 890 2907 H'iusquiami
923 2852 961 2896 b.
1091 2853 1147 2894 26
1180 2848 1359 2896 amno-e
1389 2850 1428 2893 b.
1581 2852 1635 2893 29
1667 2848 1775 2893 haec

19 2940 22 2942 ψ
94 2912 218 2956 rubr.
250 2911 315 2956 sic
345 2911 391 2956 b.

0 3023 58 3184 l.
