<?xml version="1.0" encoding="UTF-8"?>
<!DOCTYPE html PUBLIC "-//W3C//DTD XHTML 1.0 Transitional//EN"
    "http://www.w3.org/TR/xhtml1/DTD/xhtml1-transitional.dtd">
<html xmlns="http://www.w3.org/1999/xhtml" xml:lang="en" lang="en">
 <head>
  <title>
</title>
<meta http-equiv="Content-Type" content="text/html;charset=utf-8" />
  <meta name='ocr-system' content='tesseract 3.04.00' />
  <meta name='ocr-capabilities' content='ocr_page ocr_carea ocr_par ocr_line ocrx_word'/>
</head>
<body>
  <div class='ocr_page' id='page_1' title='image "./theoeuporislibr00prisuoft_0412.png"; bbox 0 0 1988 3184; ppageno 0'>
   <div class='ocr_carea' id='block_1_1' title="bbox 1835 0 1988 578">
    <p class='ocr_par' dir='ltr' id='par_1_1' title="bbox 1835 0 1988 578">
     <span class='ocr_line' id='line_1_1' title="bbox 1835 0 1988 578; baseline 0 2606"><span class='ocrx_word' id='word_1_1' title='bbox 1835 0 1988 578; x_wconf 95' lang='lat' dir='ltr'> </span> 
     </span>
    </p>
   </div>
   <div class='ocr_carea' id='block_1_2' title="bbox 551 644 1551 704">
    <p class='ocr_par' dir='ltr' id='par_1_2' title="bbox 551 644 1551 704">
     <span class='ocr_line' id='line_1_2' title="bbox 551 644 1551 704; baseline 0 -2"><span class='ocrx_word' id='word_1_2' title='bbox 551 645 969 704; x_wconf 83' lang='lat' dir='ltr'>Antidotarium</span> <span class='ocrx_word' id='word_1_3' title='bbox 1015 647 1181 703; x_wconf 86' lang='lat' dir='ltr'>Brux.</span> <span class='ocrx_word' id='word_1_4' title='bbox 1231 644 1551 703; x_wconf 84' lang='lat' dir='ltr'>seeundum.</span> 
     </span>
    </p>
   </div>
   <div class='ocr_carea' id='block_1_3' title="bbox 122 761 1988 2084">
    <p class='ocr_par' dir='ltr' id='par_1_3' title="bbox 122 761 1988 1333">
     <span class='ocr_line' id='line_1_3' title="bbox 122 761 1988 829; baseline 0 -15"><span class='ocrx_word' id='word_1_5' title='bbox 122 761 194 815; x_wconf 87' lang='grc'>64</span> <span class='ocrx_word' id='word_1_6' title='bbox 358 764 438 813; x_wconf 79' lang='lat' dir='ltr'>Ad</span> <span class='ocrx_word' id='word_1_7' title='bbox 472 765 691 828; x_wconf 90' lang='lat' dir='ltr'>capitis</span> <span class='ocrx_word' id='word_1_8' title='bbox 725 763 990 812; x_wconf 89' lang='lat' dir='ltr'>dolorem</span> <span class='ocrx_word' id='word_1_9' title='bbox 1021 769 1076 812; x_wconf 92' lang='lat' dir='ltr'>ut</span> <span class='ocrx_word' id='word_1_10' title='bbox 1115 765 1167 811; x_wconf 92' lang='lat' dir='ltr'>in</span> <span class='ocrx_word' id='word_1_11' title='bbox 1204 763 1306 812; x_wconf 89' lang='lat' dir='ltr'>sole</span> <span class='ocrx_word' id='word_1_12' title='bbox 1338 779 1438 812; x_wconf 92' lang='lat' dir='ltr'>non</span> <span class='ocrx_word' id='word_1_13' title='bbox 1470 763 1645 812; x_wconf 91' lang='lat' dir='ltr'>doleat.</span> <span class='ocrx_word' id='word_1_14' title='bbox 1684 763 1902 813; x_wconf 90' lang='lat' dir='ltr'>radicem</span> <span class='ocrx_word' id='word_1_15' title='bbox 1967 814 1988 829; x_wconf 64' lang='lat'>,</span> 
     </span>
     <span class='ocr_line' id='line_1_4' title="bbox 210 837 1902 902; baseline 0 -16"><span class='ocrx_word' id='word_1_16' title='bbox 210 837 363 901; x_wconf 91' lang='lat' dir='ltr'>puleii</span> <span class='ocrx_word' id='word_1_17' title='bbox 409 843 522 902; x_wconf 91' lang='lat' dir='ltr'>post</span> <span class='ocrx_word' id='word_1_18' title='bbox 569 852 738 886; x_wconf 89' lang='lat' dir='ltr'>auram</span> <span class='ocrx_word' id='word_1_19' title='bbox 785 839 1038 886; x_wconf 84' lang='lat' dir='ltr'>sinistram</span> <span class='ocrx_word' id='word_1_20' title='bbox 1091 837 1347 887; x_wconf 79' lang='lat' dir='ltr'>baiulabis</span> <span class='ocrx_word' id='word_1_21' title='bbox 1402 838 1561 886; x_wconf 89' lang='lat' dir='ltr'>Item.</span> <span class='ocrx_word' id='word_1_22' title='bbox 1611 837 1806 901; x_wconf 90' lang='lat' dir='ltr'>quando</span> <span class='ocrx_word' id='word_1_23' title='bbox 1852 842 1902 886; x_wconf 90' lang='lat' dir='ltr'>te</span> 
     </span>
     <span class='ocr_line' id='line_1_5' title="bbox 210 907 1988 978; baseline -0.001 -18"><span class='ocrx_word' id='word_1_24' title='bbox 210 911 464 978; x_wconf 78' lang='lat' dir='ltr'>levaveris,</span> <span class='ocrx_word' id='word_1_25' title='bbox 503 917 768 976; x_wconf 82' lang='lat' dir='ltr'>antequam</span> <span class='ocrx_word' id='word_1_26' title='bbox 806 907 931 976; x_wconf 85' lang='lat' dir='ltr'>&lt;in&gt;</span> <span class='ocrx_word' id='word_1_27' title='bbox 971 911 1150 960; x_wconf 90' lang='lat' dir='ltr'>solium</span> <span class='ocrx_word' id='word_1_28' title='bbox 1198 912 1491 977; x_wconf 78' lang='lat' dir='ltr'>descendas,</span> <span class='ocrx_word' id='word_1_29' title='bbox 1539 911 1599 960; x_wconf 93' lang='lat' dir='ltr'>de</span> <span class='ocrx_word' id='word_1_30' title='bbox 1639 926 1790 960; x_wconf 88' lang='lat' dir='ltr'>manu</span> <span class='ocrx_word' id='word_1_31' title='bbox 1837 912 1901 959; x_wconf 89' lang='lat' dir='ltr'>si·</span> <span class='ocrx_word' id='word_1_32' title='bbox 1984 934 1988 973; x_wconf 82' lang='lat' dir='ltr'><strong>j</strong></span> 
     </span>
     <span class='ocr_line' id='line_1_6' title="bbox 209 984 1970 1050; baseline -0.001 -16"><span class='ocrx_word' id='word_1_33' title='bbox 209 987 367 1034; x_wconf 88' lang='lat' dir='ltr'>nistra</span> <span class='ocrx_word' id='word_1_34' title='bbox 405 985 600 1034; x_wconf 91' lang='lat' dir='ltr'>haurito</span> <span class='ocrx_word' id='word_1_35' title='bbox 634 1000 811 1050; x_wconf 90' lang='lat' dir='ltr'>aquam</span> <span class='ocrx_word' id='word_1_36' title='bbox 842 991 892 1034; x_wconf 91' lang='lat' dir='ltr'>et</span> <span class='ocrx_word' id='word_1_37' title='bbox 929 1000 1077 1049; x_wconf 89' lang='lat' dir='ltr'>supra</span> <span class='ocrx_word' id='word_1_38' title='bbox 1108 985 1370 1034; x_wconf 90' lang='lat' dir='ltr'>cerebrum</span> <span class='ocrx_word' id='word_1_39' title='bbox 1400 991 1478 1036; x_wconf 80' lang='lat' dir='ltr'>ter</span> <span class='ocrx_word' id='word_1_40' title='bbox 1508 986 1706 1034; x_wconf 78' lang='lat' dir='ltr'>mittito,</span> <span class='ocrx_word' id='word_1_41' title='bbox 1757 984 1902 1034; x_wconf 87' lang='lat' dir='ltr'>Item</span> <span class='ocrx_word' id='word_1_42' title='bbox 1946 993 1970 1028; x_wconf 82' lang='lat'>⁵</span> 
     </span>
     <span class='ocr_line' id='line_1_7' title="bbox 212 1058 1903 1124; baseline -0.001 -16"><span class='ocrx_word' id='word_1_43' title='bbox 212 1059 385 1108; x_wconf 88' lang='lat' dir='ltr'>aliud.</span> <span class='ocrx_word' id='word_1_44' title='bbox 425 1074 666 1124; x_wconf 83' lang='lat' dir='ltr'><strong>papyrum</strong></span> <span class='ocrx_word' id='word_1_45' title='bbox 703 1064 845 1107; x_wconf 91' lang='lat' dir='ltr'>tenes</span> <span class='ocrx_word' id='word_1_46' title='bbox 884 1060 937 1107; x_wconf 91' lang='lat' dir='ltr'>in</span> <span class='ocrx_word' id='word_1_47' title='bbox 968 1058 1196 1108; x_wconf 88' lang='lat' dir='ltr'>manibus</span> <span class='ocrx_word' id='word_1_48' title='bbox 1235 1061 1341 1108; x_wconf 85' lang='lat' dir='ltr'>tuis</span> <span class='ocrx_word' id='word_1_49' title='bbox 1368 1065 1418 1108; x_wconf 92' lang='lat' dir='ltr'>et</span> <span class='ocrx_word' id='word_1_50' title='bbox 1455 1060 1681 1108; x_wconf 91' lang='lat' dir='ltr'>nominas</span> <span class='ocrx_word' id='word_1_51' title='bbox 1714 1064 1903 1123; x_wconf 90' lang='lat' dir='ltr'>septem</span> 
     </span>
     <span class='ocr_line' id='line_1_8' title="bbox 210 1133 1988 1199; baseline -0.001 -18"><span class='ocrx_word' id='word_1_52' title='bbox 210 1133 383 1182; x_wconf 89' lang='lat' dir='ltr'>viduas</span> <span class='ocrx_word' id='word_1_53' title='bbox 432 1148 553 1197; x_wconf 88' lang='lat' dir='ltr'>quas</span> <span class='ocrx_word' id='word_1_54' title='bbox 606 1134 761 1199; x_wconf 91' lang='lat' dir='ltr'>nosti,</span> <span class='ocrx_word' id='word_1_55' title='bbox 815 1139 865 1182; x_wconf 87' lang='lat' dir='ltr'>et</span> <span class='ocrx_word' id='word_1_56' title='bbox 911 1133 1032 1182; x_wconf 90' lang='lat' dir='ltr'>facis</span> <span class='ocrx_word' id='word_1_57' title='bbox 1088 1138 1279 1198; x_wconf 81' lang='lat' dir='ltr'>septem</span> <span class='ocrx_word' id='word_1_58' title='bbox 1324 1133 1481 1182; x_wconf 91' lang='lat' dir='ltr'>nodos</span> <span class='ocrx_word' id='word_1_59' title='bbox 1528 1134 1582 1181; x_wconf 90' lang='lat' dir='ltr'>in</span> <span class='ocrx_word' id='word_1_60' title='bbox 1629 1147 1711 1199; x_wconf 89' lang='lat' dir='ltr'>e0,</span> <span class='ocrx_word' id='word_1_61' title='bbox 1756 1138 1807 1181; x_wconf 88' lang='lat' dir='ltr'>et</span> <span class='ocrx_word' id='word_1_62' title='bbox 1851 1134 1903 1180; x_wconf 90' lang='lat' dir='ltr'>in</span> <span class='ocrx_word' id='word_1_63' title='bbox 1984 1152 1988 1191; x_wconf 66' lang='grc' dir='ltr'><strong><em>χ</em></strong></span> 
     </span>
     <span class='ocr_line' id='line_1_9' title="bbox 212 1206 1902 1272; baseline -0.001 -17"><span class='ocrx_word' id='word_1_64' title='bbox 212 1207 373 1255; x_wconf 85' lang='lat' dir='ltr'>fronte</span> <span class='ocrx_word' id='word_1_65' title='bbox 405 1206 595 1272; x_wconf 79' lang='lat' dir='ltr'>ligabis,</span> <span class='ocrx_word' id='word_1_66' title='bbox 636 1206 794 1255; x_wconf 86' lang='lat' dir='ltr'>Item.</span> <span class='ocrx_word' id='word_1_67' title='bbox 827 1208 942 1255; x_wconf 89' lang='lat' dir='ltr'>vitis</span> <span class='ocrx_word' id='word_1_68' title='bbox 967 1206 1103 1255; x_wconf 82' lang='lat' dir='ltr'>albae</span> <span class='ocrx_word' id='word_1_69' title='bbox 1130 1209 1367 1256; x_wconf 89' lang='lat' dir='ltr'>corticem</span> <span class='ocrx_word' id='word_1_70' title='bbox 1400 1206 1675 1256; x_wconf 81' lang='lat' dir='ltr'>comburito</span> <span class='ocrx_word' id='word_1_71' title='bbox 1709 1212 1758 1256; x_wconf 90' lang='lat' dir='ltr'>et</span> <span class='ocrx_word' id='word_1_72' title='bbox 1784 1207 1902 1254; x_wconf 91' lang='lat' dir='ltr'>mis-</span> 
     </span>
     <span class='ocr_line' id='line_1_10' title="bbox 214 1280 1300 1333; baseline 0 -3"><span class='ocrx_word' id='word_1_73' title='bbox 214 1296 331 1330; x_wconf 88' lang='lat' dir='ltr'>cens</span> <span class='ocrx_word' id='word_1_74' title='bbox 366 1296 485 1333; x_wconf 71' lang='lat' dir='ltr'>cum</span> <span class='ocrx_word' id='word_1_75' title='bbox 525 1280 690 1330; x_wconf 88' lang='lat' dir='ltr'>vitello</span> <span class='ocrx_word' id='word_1_76' title='bbox 731 1282 809 1329; x_wconf 92' lang='lat' dir='ltr'>ovi</span> <span class='ocrx_word' id='word_1_77' title='bbox 846 1280 992 1329; x_wconf 90' lang='lat' dir='ltr'>linias</span> <span class='ocrx_word' id='word_1_78' title='bbox 1033 1283 1085 1329; x_wconf 91' lang='lat' dir='ltr'>in</span> <span class='ocrx_word' id='word_1_79' title='bbox 1125 1281 1300 1330; x_wconf 87' lang='lat' dir='ltr'>fronte.</span> 
     </span>
    </p>

    <p class='ocr_par' dir='ltr' id='par_1_4' title="bbox 362 1363 1971 1412">
     <span class='ocr_line' id='line_1_11' title="bbox 362 1363 1971 1412; baseline 0.003 -5"><span class='ocrx_word' id='word_1_80' title='bbox 362 1363 863 1408; x_wconf 75' lang='grc' dir='ltr'>ΠΡΟΟΤὰΝΤὰΕΟΟ.</span> <span class='ocrx_word' id='word_1_81' title='bbox 1929 1379 1971 1412; x_wconf 88' lang='lat'>10</span> 
     </span>
    </p>

    <p class='ocr_par' dir='ltr' id='par_1_5' title="bbox 125 1426 1988 1641">
     <span class='ocr_line' id='line_1_12' title="bbox 125 1426 1906 1494; baseline -0.001 -16"><span class='ocrx_word' id='word_1_82' title='bbox 125 1426 196 1479; x_wconf 79' lang='grc'>65</span> <span class='ocrx_word' id='word_1_83' title='bbox 362 1428 441 1477; x_wconf 88' lang='lat' dir='ltr'>Ad</span> <span class='ocrx_word' id='word_1_84' title='bbox 481 1444 737 1478; x_wconf 91' lang='lat' dir='ltr'>morsum</span> <span class='ocrx_word' id='word_1_85' title='bbox 779 1430 1163 1493; x_wconf 85' lang='lat' dir='ltr'>serpentium.</span> <span class='ocrx_word' id='word_1_86' title='bbox 1204 1430 1500 1494; x_wconf 82' lang='lat' dir='ltr'>gentianam,</span> <span class='ocrx_word' id='word_1_87' title='bbox 1539 1427 1906 1477; x_wconf 80' lang='lat' dir='ltr'>aristolochiam</span> 
     </span>
     <span class='ocr_line' id='line_1_13' title="bbox 213 1501 1988 1569; baseline -0.001 -18"><span class='ocrx_word' id='word_1_88' title='bbox 213 1503 497 1568; x_wconf 83' lang='lat' dir='ltr'>rotundam,</span> <span class='ocrx_word' id='word_1_89' title='bbox 530 1502 656 1552; x_wconf 87' lang='lat' dir='ltr'>lauri</span> <span class='ocrx_word' id='word_1_90' title='bbox 687 1501 834 1551; x_wconf 90' lang='lat' dir='ltr'>bacas</span> <span class='ocrx_word' id='word_1_91' title='bbox 866 1508 1122 1569; x_wconf 85' lang='lat' dir='ltr'>purgataS,</span> <span class='ocrx_word' id='word_1_92' title='bbox 1153 1517 1373 1551; x_wconf 91' lang='lat' dir='ltr'>murram</span> <span class='ocrx_word' id='word_1_93' title='bbox 1406 1503 1577 1567; x_wconf 91' lang='lat' dir='ltr'>aequis</span> <span class='ocrx_word' id='word_1_94' title='bbox 1600 1501 1904 1567; x_wconf 87' lang='lat' dir='ltr'>ponderibus</span> <span class='ocrx_word' id='word_1_95' title='bbox 1986 1557 1988 1562; x_wconf 27' lang='lat'><strong>¹</strong></span> 
     </span>
     <span class='ocr_line' id='line_1_14' title="bbox 213 1576 1084 1641; baseline 0.001 -16"><span class='ocrx_word' id='word_1_96' title='bbox 213 1583 385 1625; x_wconf 73' lang='lat' dir='ltr'>timsas</span> <span class='ocrx_word' id='word_1_97' title='bbox 425 1576 669 1625; x_wconf 81' lang='lat' dir='ltr'>admisces</span> <span class='ocrx_word' id='word_1_98' title='bbox 708 1576 844 1625; x_wconf 92' lang='lat' dir='ltr'>melli</span> <span class='ocrx_word' id='word_1_99' title='bbox 884 1579 1084 1641; x_wconf 75' lang='lat' dir='ltr'>optimo,</span> 
     </span>
    </p>

    <p class='ocr_par' dir='ltr' id='par_1_6' title="bbox 126 1649 1971 2013">
     <span class='ocr_line' id='line_1_15' title="bbox 126 1649 1904 1714; baseline -0.002 -14"><span class='ocrx_word' id='word_1_100' title='bbox 126 1649 195 1700; x_wconf 92' lang='grc'>66</span> <span class='ocrx_word' id='word_1_101' title='bbox 363 1651 442 1699; x_wconf 86' lang='lat' dir='ltr'>Ad</span> <span class='ocrx_word' id='word_1_102' title='bbox 481 1650 931 1700; x_wconf 87' lang='lat' dir='ltr'>hemicranium.</span> <span class='ocrx_word' id='word_1_103' title='bbox 987 1652 1124 1699; x_wconf 91' lang='lat' dir='ltr'>canis</span> <span class='ocrx_word' id='word_1_104' title='bbox 1170 1652 1356 1699; x_wconf 88' lang='lat' dir='ltr'>mortui</span> <span class='ocrx_word' id='word_1_105' title='bbox 1403 1649 1605 1714; x_wconf 91' lang='lat' dir='ltr'>capillos</span> <span class='ocrx_word' id='word_1_106' title='bbox 1645 1649 1705 1698; x_wconf 93' lang='lat' dir='ltr'>de</span> <span class='ocrx_word' id='word_1_107' title='bbox 1746 1650 1904 1713; x_wconf 90' lang='lat' dir='ltr'>capite</span> 
     </span>
     <span class='ocr_line' id='line_1_16' title="bbox 213 1723 1971 1790; baseline -0.001 -18"><span class='ocrx_word' id='word_1_108' title='bbox 213 1724 346 1772; x_wconf 88' lang='lat' dir='ltr'>tollis</span> <span class='ocrx_word' id='word_1_109' title='bbox 387 1724 446 1773; x_wconf 95' lang='lat' dir='ltr'>de</span> <span class='ocrx_word' id='word_1_110' title='bbox 489 1723 681 1773; x_wconf 91' lang='lat' dir='ltr'>duobus</span> <span class='ocrx_word' id='word_1_111' title='bbox 729 1724 896 1788; x_wconf 83' lang='lat' dir='ltr'>digitis</span> <span class='ocrx_word' id='word_1_112' title='bbox 944 1730 993 1773; x_wconf 91' lang='lat' dir='ltr'>et</span> <span class='ocrx_word' id='word_1_113' title='bbox 1030 1724 1154 1789; x_wconf 89' lang='lat' dir='ltr'>pulli</span> <span class='ocrx_word' id='word_1_114' title='bbox 1199 1725 1404 1790; x_wconf 90' lang='lat' dir='ltr'>mortui,</span> <span class='ocrx_word' id='word_1_115' title='bbox 1452 1729 1502 1772; x_wconf 94' lang='lat' dir='ltr'>et</span> <span class='ocrx_word' id='word_1_116' title='bbox 1549 1723 1628 1772; x_wconf 91' lang='lat' dir='ltr'>die</span> <span class='ocrx_word' id='word_1_117' title='bbox 1677 1724 1904 1787; x_wconf 89' lang='lat' dir='ltr'>sequenti</span> <span class='ocrx_word' id='word_1_118' title='bbox 1929 1732 1971 1766; x_wconf 85' lang='lat'>15</span> 
     </span>
     <span class='ocr_line' id='line_1_17' title="bbox 214 1796 1905 1862; baseline -0.001 -16"><span class='ocrx_word' id='word_1_119' title='bbox 214 1799 418 1847; x_wconf 90' lang='lat' dir='ltr'>minimo</span> <span class='ocrx_word' id='word_1_120' title='bbox 460 1801 512 1846; x_wconf 91' lang='lat' dir='ltr'>in</span> <span class='ocrx_word' id='word_1_121' title='bbox 551 1797 752 1846; x_wconf 87' lang='lat' dir='ltr'>linteolo</span> <span class='ocrx_word' id='word_1_122' title='bbox 793 1798 853 1847; x_wconf 92' lang='lat' dir='ltr'>de</span> <span class='ocrx_word' id='word_1_123' title='bbox 893 1798 1008 1847; x_wconf 87' lang='lat' dir='ltr'>licio</span> <span class='ocrx_word' id='word_1_124' title='bbox 1049 1800 1101 1847; x_wconf 92' lang='lat' dir='ltr'>in</span> <span class='ocrx_word' id='word_1_125' title='bbox 1142 1797 1265 1847; x_wconf 92' lang='lat' dir='ltr'>collo</span> <span class='ocrx_word' id='word_1_126' title='bbox 1307 1797 1583 1862; x_wconf 76' lang='lat' dir='ltr'>suspendis,</span> <span class='ocrx_word' id='word_1_127' title='bbox 1630 1796 1789 1846; x_wconf 93' lang='lat' dir='ltr'>Item.</span> <span class='ocrx_word' id='word_1_128' title='bbox 1829 1811 1905 1844; x_wconf 89' lang='lat' dir='ltr'>ra-</span> 
     </span>
     <span class='ocr_line' id='line_1_18' title="bbox 216 1871 1907 1939; baseline -0.001 -19"><span class='ocrx_word' id='word_1_129' title='bbox 216 1872 353 1920; x_wconf 90' lang='lat' dir='ltr'>dices</span> <span class='ocrx_word' id='word_1_130' title='bbox 386 1872 538 1921; x_wconf 88' lang='lat' dir='ltr'>salsas</span> <span class='ocrx_word' id='word_1_131' title='bbox 570 1872 728 1921; x_wconf 88' lang='lat' dir='ltr'>rafani</span> <span class='ocrx_word' id='word_1_132' title='bbox 762 1878 885 1939; x_wconf 87' lang='lat' dir='ltr'>tere,</span> <span class='ocrx_word' id='word_1_133' title='bbox 925 1888 1049 1936; x_wconf 89' lang='lat' dir='ltr'>quae</span> <span class='ocrx_word' id='word_1_134' title='bbox 1083 1872 1396 1921; x_wconf 89' lang='lat' dir='ltr'>adhaeserint</span> <span class='ocrx_word' id='word_1_135' title='bbox 1425 1871 1542 1920; x_wconf 93' lang='lat' dir='ltr'>tolle</span> <span class='ocrx_word' id='word_1_136' title='bbox 1575 1876 1625 1920; x_wconf 92' lang='lat' dir='ltr'>et</span> <span class='ocrx_word' id='word_1_137' title='bbox 1654 1876 1761 1920; x_wconf 89' lang='lat' dir='ltr'>tere</span> <span class='ocrx_word' id='word_1_138' title='bbox 1795 1885 1907 1919; x_wconf 90' lang='lat' dir='ltr'>cum</span> 
     </span>
     <span class='ocr_line' id='line_1_19' title="bbox 217 1945 1141 2013; baseline 0.001 -19"><span class='ocrx_word' id='word_1_139' title='bbox 217 1951 354 1994; x_wconf 92' lang='lat' dir='ltr'>aceto</span> <span class='ocrx_word' id='word_1_140' title='bbox 396 1948 511 2013; x_wconf 86' lang='lat' dir='ltr'>acri,</span> <span class='ocrx_word' id='word_1_141' title='bbox 551 1952 600 1995; x_wconf 92' lang='lat' dir='ltr'>et</span> <span class='ocrx_word' id='word_1_142' title='bbox 637 1945 729 1994; x_wconf 91' lang='lat' dir='ltr'>lini</span> <span class='ocrx_word' id='word_1_143' title='bbox 766 1946 1141 1996; x_wconf 88' lang='lat' dir='ltr'>hemicranium.</span> 
     </span>
    </p>

    <p class='ocr_par' dir='ltr' id='par_1_7' title="bbox 130 2016 1906 2084">
     <span class='ocr_line' id='line_1_20' title="bbox 130 2016 1906 2084; baseline -0.003 -15"><span class='ocrx_word' id='word_1_144' title='bbox 130 2018 196 2069; x_wconf 84' lang='lat'>67</span> <span class='ocrx_word' id='word_1_145' title='bbox 366 2019 445 2068; x_wconf 88' lang='lat' dir='ltr'>Ad</span> <span class='ocrx_word' id='word_1_146' title='bbox 477 2019 858 2084; x_wconf 83' lang='lat' dir='ltr'>gravedinem</span> <span class='ocrx_word' id='word_1_147' title='bbox 891 2022 1135 2069; x_wconf 88' lang='lat' dir='ltr'>aurium.</span> <span class='ocrx_word' id='word_1_148' title='bbox 1177 2019 1242 2068; x_wconf 91' lang='lat' dir='ltr'>fel</span> <span class='ocrx_word' id='word_1_149' title='bbox 1268 2020 1540 2084; x_wconf 90' lang='lat' dir='ltr'>caprinum,</span> <span class='ocrx_word' id='word_1_150' title='bbox 1571 2016 1670 2066; x_wconf 91' lang='lat' dir='ltr'>mel</span> <span class='ocrx_word' id='word_1_151' title='bbox 1701 2018 1906 2066; x_wconf 90' lang='lat' dir='ltr'>atticum</span> 
     </span>
    </p>
   </div>
   <div class='ocr_carea' id='block_1_4' title="bbox 111 2102 1976 2616">
    <p class='ocr_par' dir='ltr' id='par_1_8' title="bbox 216 2102 1972 2307">
     <span class='ocr_line' id='line_1_21' title="bbox 218 2102 1972 2175; baseline -0.001 -20"><span class='ocrx_word' id='word_1_152' title='bbox 218 2113 455 2171; x_wconf 89' lang='lat' dir='ltr'>quantum</span> <span class='ocrx_word' id='word_1_153' title='bbox 487 2114 537 2157; x_wconf 92' lang='lat' dir='ltr'>et</span> <span class='ocrx_word' id='word_1_154' title='bbox 579 2108 643 2157; x_wconf 89' lang='lat' dir='ltr'>fel</span> <span class='ocrx_word' id='word_1_155' title='bbox 683 2108 848 2175; x_wconf 85' lang='lat' dir='ltr'>fuerit,</span> <span class='ocrx_word' id='word_1_156' title='bbox 885 2124 1120 2174; x_wconf 90' lang='lat' dir='ltr'>murram,</span> <span class='ocrx_word' id='word_1_157' title='bbox 1160 2107 1322 2157; x_wconf 92' lang='lat' dir='ltr'>oleum</span> <span class='ocrx_word' id='word_1_158' title='bbox 1354 2109 1616 2172; x_wconf 88' lang='lat' dir='ltr'>rosacium,</span> <span class='ocrx_word' id='word_1_159' title='bbox 1645 2102 1805 2171; x_wconf 78' lang='lat' dir='ltr'>(rad)</span> <span class='ocrx_word' id='word_1_160' title='bbox 1845 2104 1904 2154; x_wconf 86' lang='lat' dir='ltr'>de</span> <span class='ocrx_word' id='word_1_161' title='bbox 1929 2117 1972 2149; x_wconf 81' lang='lat'>20</span> 
     </span>
     <span class='ocr_line' id='line_1_22' title="bbox 218 2181 1906 2249; baseline -0.001 -20"><span class='ocrx_word' id='word_1_162' title='bbox 218 2181 533 2231; x_wconf 83' lang='lat' dir='ltr'>chesisboum</span> <span class='ocrx_word' id='word_1_163' title='bbox 557 2182 700 2231; x_wconf 88' lang='lat' dir='ltr'>factis</span> <span class='ocrx_word' id='word_1_164' title='bbox 727 2182 887 2249; x_wconf 91' lang='lat' dir='ltr'>simul,</span> <span class='ocrx_word' id='word_1_165' title='bbox 911 2185 964 2232; x_wconf 91' lang='lat' dir='ltr'>in</span> <span class='ocrx_word' id='word_1_166' title='bbox 988 2181 1287 2232; x_wconf 88' lang='lat' dir='ltr'>carbonibus</span> <span class='ocrx_word' id='word_1_167' title='bbox 1312 2181 1554 2247; x_wconf 86' lang='lat' dir='ltr'>calefaciS,</span> <span class='ocrx_word' id='word_1_168' title='bbox 1586 2181 1712 2229; x_wconf 80' lang='lat' dir='ltr'>etin</span> <span class='ocrx_word' id='word_1_169' title='bbox 1736 2193 1906 2228; x_wconf 87' lang='lat' dir='ltr'>aurem</span> 
     </span>
     <span class='ocr_line' id='line_1_23' title="bbox 216 2256 1312 2307; baseline 0.005 -5"><span class='ocrx_word' id='word_1_170' title='bbox 216 2256 386 2303; x_wconf 77' lang='lat' dir='ltr'>mittis,</span> <span class='ocrx_word' id='word_1_171' title='bbox 1044 2276 1046 2278; x_wconf 63' lang='grc'>’</span> <span class='ocrx_word' id='word_1_172' title='bbox 1305 2302 1312 2307; x_wconf 95' lang='grc'>.</span> 
     </span>
    </p>

    <p class='ocr_par' dir='ltr' id='par_1_9' title="bbox 131 2327 1906 2469">
     <span class='ocr_line' id='line_1_24' title="bbox 131 2327 1906 2395; baseline -0.002 -17"><span class='ocrx_word' id='word_1_173' title='bbox 131 2327 199 2379; x_wconf 84' lang='grc'>68</span> <span class='ocrx_word' id='word_1_174' title='bbox 366 2329 446 2377; x_wconf 91' lang='lat' dir='ltr'>Ad</span> <span class='ocrx_word' id='word_1_175' title='bbox 484 2329 847 2379; x_wconf 87' lang='lat' dir='ltr'>vermiculos</span> <span class='ocrx_word' id='word_1_176' title='bbox 889 2331 974 2395; x_wconf 88' lang='lat' dir='ltr'>qui</span> <span class='ocrx_word' id='word_1_177' title='bbox 1020 2331 1072 2378; x_wconf 90' lang='lat' dir='ltr'>in</span> <span class='ocrx_word' id='word_1_178' title='bbox 1112 2329 1314 2378; x_wconf 88' lang='lat' dir='ltr'>auribus</span> <span class='ocrx_word' id='word_1_179' title='bbox 1354 2330 1458 2378; x_wconf 87' lang='lat' dir='ltr'>nati</span> <span class='ocrx_word' id='word_1_180' title='bbox 1498 2328 1696 2377; x_wconf 85' lang='lat' dir='ltr'>fuerint.</span> <span class='ocrx_word' id='word_1_181' title='bbox 1744 2340 1906 2375; x_wconf 89' lang='lat' dir='ltr'>amur-</span> 
     </span>
     <span class='ocr_line' id='line_1_25' title="bbox 220 2402 1238 2469; baseline 0.001 -19"><span class='ocrx_word' id='word_1_182' title='bbox 220 2417 326 2450; x_wconf 87' lang='lat' dir='ltr'>cam</span> <span class='ocrx_word' id='word_1_183' title='bbox 366 2402 638 2469; x_wconf 82' lang='lat' dir='ltr'>calefacieS,</span> <span class='ocrx_word' id='word_1_184' title='bbox 678 2410 728 2453; x_wconf 93' lang='lat' dir='ltr'>et</span> <span class='ocrx_word' id='word_1_185' title='bbox 765 2406 922 2453; x_wconf 89' lang='lat' dir='ltr'>mittis</span> <span class='ocrx_word' id='word_1_186' title='bbox 963 2405 1016 2452; x_wconf 91' lang='lat' dir='ltr'>in</span> <span class='ocrx_word' id='word_1_187' title='bbox 1055 2418 1238 2453; x_wconf 73' lang='lat' dir='ltr'>aurem.</span> 
     </span>
    </p>

    <p class='ocr_par' dir='ltr' id='par_1_10' title="bbox 111 2473 1976 2616">
     <span class='ocr_line' id='line_1_26' title="bbox 111 2473 1976 2541; baseline -0.003 -17"><span class='ocrx_word' id='word_1_188' title='bbox 111 2473 201 2525; x_wconf 85' lang='grc'>,69</span> <span class='ocrx_word' id='word_1_189' title='bbox 366 2476 446 2524; x_wconf 87' lang='lat' dir='ltr'>Ad</span> <span class='ocrx_word' id='word_1_190' title='bbox 493 2477 798 2526; x_wconf 89' lang='lat' dir='ltr'>auriculae</span> <span class='ocrx_word' id='word_1_191' title='bbox 846 2477 1126 2526; x_wconf 89' lang='lat' dir='ltr'>dolorem.</span> <span class='ocrx_word' id='word_1_192' title='bbox 1180 2478 1319 2541; x_wconf 89' lang='lat' dir='ltr'>porri</span> <span class='ocrx_word' id='word_1_193' title='bbox 1374 2490 1546 2525; x_wconf 88' lang='lat' dir='ltr'>sucum</span> <span class='ocrx_word' id='word_1_194' title='bbox 1594 2489 1708 2523; x_wconf 92' lang='lat' dir='ltr'>cum</span> <span class='ocrx_word' id='word_1_195' title='bbox 1752 2473 1906 2521; x_wconf 88' lang='lat' dir='ltr'>nardo</span> <span class='ocrx_word' id='word_1_196' title='bbox 1931 2484 1976 2518; x_wconf 84' lang='lat'>25</span> 
     </span>
     <span class='ocr_line' id='line_1_27' title="bbox 221 2549 965 2616; baseline 0.004 -19"><span class='ocrx_word' id='word_1_197' title='bbox 221 2549 492 2616; x_wconf 82' lang='lat' dir='ltr'>calefacieS,</span> <span class='ocrx_word' id='word_1_198' title='bbox 532 2557 581 2599; x_wconf 88' lang='lat' dir='ltr'>et</span> <span class='ocrx_word' id='word_1_199' title='bbox 619 2552 754 2600; x_wconf 91' lang='lat' dir='ltr'>intus</span> <span class='ocrx_word' id='word_1_200' title='bbox 794 2553 965 2600; x_wconf 78' lang='lat' dir='ltr'>mittis</span> 
     </span>
    </p>
   </div>
   <div class='ocr_carea' id='block_1_5' title="bbox 221 2674 1910 2967">
    <p class='ocr_par' dir='ltr' id='par_1_11' title="bbox 221 2674 1910 2967">
     <span class='ocr_line' id='line_1_28' title="bbox 340 2674 1910 2740; baseline 0 -22"><span class='ocrx_word' id='word_1_201' title='bbox 340 2680 365 2718; x_wconf 91' lang='lat'><strong>3</strong></span> <span class='ocrx_word' id='word_1_202' title='bbox 397 2675 634 2721; x_wconf 83' lang='lat' dir='ltr'>baiolabis</span> <span class='ocrx_word' id='word_1_203' title='bbox 665 2678 724 2723; x_wconf 88' lang='lat' dir='ltr'>B.</span> <span class='ocrx_word' id='word_1_204' title='bbox 851 2683 905 2722; x_wconf 90' lang='lat'>10</span> <span class='ocrx_word' id='word_1_205' title='bbox 935 2680 1001 2723; x_wconf 79' lang='lat' dir='ltr'>sic</span> <span class='ocrx_word' id='word_1_206' title='bbox 1029 2679 1169 2722; x_wconf 76' lang='lat' dir='ltr'>rubro</span> <span class='ocrx_word' id='word_1_207' title='bbox 1198 2678 1418 2733; x_wconf 74' lang='lat' dir='ltr'>scriptum</span> <span class='ocrx_word' id='word_1_208' title='bbox 1442 2676 1607 2734; x_wconf 71' lang='lat' dir='ltr'>leyitwr</span> <span class='ocrx_word' id='word_1_209' title='bbox 1626 2675 1769 2729; x_wconf 83' lang='lat' dir='ltr'>(idem</span> <span class='ocrx_word' id='word_1_210' title='bbox 1791 2674 1910 2740; x_wconf 66' lang='lat' dir='ltr'>quod</span> 
     </span>
     <span class='ocr_line' id='line_1_29' title="bbox 221 2735 1909 2792; baseline -0.001 -16"><span class='ocrx_word' id='word_1_211' title='bbox 221 2746 363 2788; x_wconf 74' lang='lat' dir='ltr'>supra</span> <span class='ocrx_word' id='word_1_212' title='bbox 393 2748 429 2779; x_wconf 84' lang='lat' dir='ltr'>c.</span> <span class='ocrx_word' id='word_1_213' title='bbox 455 2738 548 2790; x_wconf 85' lang='lat'>15),</span> <span class='ocrx_word' id='word_1_214' title='bbox 578 2738 656 2780; x_wconf 82' lang='lat' dir='ltr'>sed</span> <span class='ocrx_word' id='word_1_215' title='bbox 686 2738 806 2781; x_wconf 70' lang='lat' dir='ltr'>nihil</span> <span class='ocrx_word' id='word_1_216' title='bbox 837 2738 1028 2782; x_wconf 81' lang='lat' dir='ltr'>additwr</span> <span class='ocrx_word' id='word_1_217' title='bbox 1055 2738 1202 2785; x_wconf 72' lang='lat' dir='ltr'>(linea</span> <span class='ocrx_word' id='word_1_218' title='bbox 1231 2749 1326 2780; x_wconf 72' lang='lat' dir='ltr'>‘non</span> <span class='ocrx_word' id='word_1_219' title='bbox 1354 2735 1562 2792; x_wconf 70' lang='lat' dir='ltr'>expleta).</span> <span class='ocrx_word' id='word_1_220' title='bbox 1709 2736 1765 2776; x_wconf 83' lang='lat'>14</span> <span class='ocrx_word' id='word_1_221' title='bbox 1797 2745 1909 2776; x_wconf 73' lang='lat' dir='ltr'>emi-</span> 
     </span>
     <span class='ocr_line' id='line_1_30' title="bbox 223 2790 1908 2856; baseline 0.002 -24"><span class='ocrx_word' id='word_1_222' title='bbox 223 2790 439 2856; x_wconf 75' lang='lat' dir='ltr'>granium</span> <span class='ocrx_word' id='word_1_223' title='bbox 469 2793 529 2837; x_wconf 88' lang='lat' dir='ltr'>B.</span> <span class='ocrx_word' id='word_1_224' title='bbox 624 2799 677 2838; x_wconf 87' lang='grc'>18</span> <span class='ocrx_word' id='word_1_225' title='bbox 711 2795 972 2852; x_wconf 70' lang='lat' dir='ltr'>emigrania,</span> <span class='ocrx_word' id='word_1_226' title='bbox 1002 2796 1122 2852; x_wconf 80' lang='lat' dir='ltr'>(hic)</span> <span class='ocrx_word' id='word_1_227' title='bbox 1151 2795 1211 2840; x_wconf 90' lang='lat' dir='ltr'>B.</span> <span class='ocrx_word' id='word_1_228' title='bbox 1309 2799 1364 2838; x_wconf 80' lang='lat'>20</span> <span class='ocrx_word' id='word_1_229' title='bbox 1394 2792 1580 2837; x_wconf 78' lang='lat' dir='ltr'>rosacifi</span> <span class='ocrx_word' id='word_1_230' title='bbox 1612 2792 1671 2836; x_wconf 92' lang='lat' dir='ltr'>de</span> <span class='ocrx_word' id='word_1_231' title='bbox 1701 2791 1908 2848; x_wconf 85' lang='lat' dir='ltr'>hespono</span> 
     </span>
     <span class='ocr_line' id='line_1_31' title="bbox 222 2848 1907 2910; baseline 0.003 -20"><span class='ocrx_word' id='word_1_232' title='bbox 222 2848 362 2892; x_wconf 80' lang='lat' dir='ltr'>factis</span> <span class='ocrx_word' id='word_1_233' title='bbox 396 2849 534 2893; x_wconf 87' lang='lat' dir='ltr'>simul</span> <span class='ocrx_word' id='word_1_234' title='bbox 557 2854 660 2907; x_wconf 80' lang='lat' dir='ltr'>(sic)</span> <span class='ocrx_word' id='word_1_235' title='bbox 686 2854 732 2896; x_wconf 93' lang='lat' dir='ltr'><em>B</em></span> <span class='ocrx_word' id='word_1_236' title='bbox 753 2855 857 2904; x_wconf 75' lang='lat' dir='ltr'>(ubi</span> <span class='ocrx_word' id='word_1_237' title='bbox 885 2856 975 2909; x_wconf 68' lang='lat' dir='ltr'>ed„</span> <span class='ocrx_word' id='word_1_238' title='bbox 1005 2860 1060 2899; x_wconf 76' lang='lat' dir='ltr'>ut</span> <span class='ocrx_word' id='word_1_239' title='bbox 1088 2855 1197 2899; x_wconf 83' lang='lat' dir='ltr'>solet</span> <span class='ocrx_word' id='word_1_240' title='bbox 1203 2888 1218 2909; x_wconf 93' lang='lat'>,</span> <span class='ocrx_word' id='word_1_241' title='bbox 1249 2854 1363 2898; x_wconf 78' lang='lat' dir='ltr'>delet</span> <span class='ocrx_word' id='word_1_242' title='bbox 1393 2867 1508 2910; x_wconf 77' lang='lat' dir='ltr'>quae</span> <span class='ocrx_word' id='word_1_243' title='bbox 1536 2865 1632 2896; x_wconf 71' lang='lat' dir='ltr'>non</span> <span class='ocrx_word' id='word_1_244' title='bbox 1660 2851 1907 2907; x_wconf 71' lang='lat' dir='ltr'>intelliyit).</span> 
     </span>
     <span class='ocr_line' id='line_1_32' title="bbox 223 2907 1905 2967; baseline 0.002 -18"><span class='ocrx_word' id='word_1_245' title='bbox 223 2907 281 2960; x_wconf 80' lang='lat' dir='ltr'>cf.</span> <span class='ocrx_word' id='word_1_246' title='bbox 310 2907 429 2951; x_wconf 76' lang='lat' dir='ltr'>Cass,</span> <span class='ocrx_word' id='word_1_247' title='bbox 459 2908 554 2952; x_wconf 83' lang='lat' dir='ltr'>Fez.</span> <span class='ocrx_word' id='word_1_248' title='bbox 584 2924 632 2965; x_wconf 78' lang='lat' dir='ltr'>p.</span> <span class='ocrx_word' id='word_1_249' title='bbox 658 2914 769 2966; x_wconf 86' lang='lat'>165,</span> <span class='ocrx_word' id='word_1_250' title='bbox 801 2915 860 2956; x_wconf 88' lang='lat'>15</span> <span class='ocrx_word' id='word_1_251' title='bbox 890 2912 1116 2956; x_wconf 84' lang='lat' dir='ltr'>radices</span> <span class='ocrx_word' id='word_1_252' title='bbox 1149 2913 1207 2956; x_wconf 86' lang='lat' dir='ltr'>de</span> <span class='ocrx_word' id='word_1_253' title='bbox 1239 2911 1503 2956; x_wconf 79' lang='lat' dir='ltr'>cesisboum</span> <span class='ocrx_word' id='word_1_254' title='bbox 1527 2911 1719 2967; x_wconf 85' lang='lat' dir='ltr'>(bonum</span> <span class='ocrx_word' id='word_1_255' title='bbox 1748 2909 1905 2965; x_wconf 60' lang='lat' dir='ltr'>codd).</span> 
     </span>
    </p>
   </div>
  </div>
 </body>
</html>
