1950 3172
196 149 200 152 >
221 137 294 191 48
737 134 1057 180 ’1111100031
1084 130 1388 190 mscmu
1429 169 1432 172 .

220 278 374 327 mixta
405 274 705 342 operabitur
776 273 1074 338 aliquotiens
1108 272 1230 321 haec
1262 273 1412 321 etiam
1443 286 1558 321 cum
1588 272 1701 321 vino
1733 284 1818 323 m·

223 352 621 401 commiscentur.
697 362 916 397 massare
964 351 1129 395 autem
1172 345 1252 394 his
1298 345 1610 410 frequentius
1656 360 1813 396 conv

224 430 309 475 aut
347 424 540 474 arboris
578 424 685 488 pini
723 421 839 470 folia
877 419 1105 469 molliora
1142 424 1227 469 aut
1265 423 1467 469 anetum
1505 425 1591 469 aut
1621 416 1804 506 glycsv’
1836 423 1845 426 ⁴
1863 427 1872 434 ·’

223 504 308 549 aut
337 497 542 547 herbam
575 511 700 561 quae
734 494 949 544 sonchus
980 493 1270 559 appellatur.
1332 508 1448 543 nam
1473 498 1523 543 et
1546 495 1735 543 cervini
1775 514 1807 537 ι

175 583 196 617 5
223 572 469 622 combusti
515 569 676 635 pulvis
717 575 765 618 et
803 569 1012 618 fetorem
1053 569 1155 617 oris
1196 573 1245 617 et
1283 567 1508 617 dantium
1547 582 1807 633 semper

217 647 412 711 pescuit
452 643 856 693 imbecillitatem.

583 805 701 855 XVI.
765 805 842 855 De
885 805 1160 854 dentium*
1194 806 1558 854 causatione.

134 895 205 948 46
372 894 576 944 Dolores
608 894 831 944 dentium
864 894 1009 943 fimus
1042 895 1169 942 asini
1203 895 1364 943 siccus
1398 899 1447 943 et
1470 895 1618 944 tritus
1642 909 1733 959 pro
1759 884 1894 944 den*

224 971 368 1019 fricio
410 971 517 1018 sine
558 968 790 1018 dilatione
832 970 1115 1033 compescit.
1186 969 1371 1017 mixtus
1404 983 1600 1033 quoque
1635 983 1748 1018 cum
1780 960 1899 1019 ace‘

157 1059 200 1090 10
224 1059 309 1093 ore
357 1043 546 1093 diutius
594 1048 870 1092 remoratus
917 1057 1072 1107 aeque
1118 1042 1319 1108 profuit.
1399 1048 1448 1091 et
1493 1041 1721 1092 betarum
1768 1054 1899 1093 suc·

220 1118 419 1183 tepidus
446 1116 677 1166 similiter
702 1123 934 1181 operatus
962 1122 1051 1183 est,
1081 1122 1130 1165 et
1154 1116 1376 1166 decoctio
1403 1118 1684 1166 cucumeris
1708 1110 1888 1181 agrest

221 1192 403 1241 radicis
450 1193 503 1239 in
550 1192 663 1239 vino
672 1230 686 1256 7
736 1191 966 1240 similiter
1008 1196 1057 1240 et
1094 1193 1284 1240 nitrum
1324 1206 1437 1240 cum
1478 1190 1585 1239 oleo
1625 1192 1822 1258 tritum,
1879 1212 1896 1235 ».-

222 1266 444 1315 deeoctio
492 1279 718 1313 rosarum
766 1267 818 1313 in
865 1267 979 1314 vino
1027 1265 1104 1313 vel
1151 1264 1266 1314 rubi
1304 1267 1357 1314 in
1397 1270 1557 1332 acetO,
1606 1270 1655 1314 et
1694 1259 1916 1330 cupresf

221 1339 349 1404 pilae
397 1341 448 1388 in
495 1341 609 1387 vino
658 1344 825 1388 coctae
874 1345 923 1388 et
977 1339 1119 1388 taeda
1164 1341 1365 1404 pinguis
1413 1340 1466 1388 in
1513 1341 1627 1388 vino
1676 1338 1904 1389 similiter

157 1426 200 1459 15
224 1416 295 1463 sic
351 1416 499 1462 etiam
554 1412 825 1478 glycyrizae
881 1416 932 1462 in
987 1415 1099 1462 vino
1156 1414 1379 1463 decoctio
1437 1415 1543 1462 sine
1607 1408 1909 1463 cunctation

222 1487 455 1537 dentibus
497 1487 727 1536 relaxatis
769 1494 817 1536 et
857 1487 1139 1537 dolentibus
1178 1488 1377 1552 profuit.
1452 1489 1493 1536 si
1527 1503 1698 1536 omnes
1731 1490 1916 1536 intere

344 1680 365 1718 1
399 1674 516 1718 haec
548 1675 572 1718 b
593 1674 711 1719 Get:
745 1689 828 1719 om.
853 1675 946 1719 rB.
1131 1679 1156 1717 2
1189 1688 1373 1718 masare
1405 1664 1477 1719 rb.
1630 1672 1866 1730 frequenti
1906 1668 1910 1674 ’

223 1734 380 1790 bGel.‚
417 1736 546 1777 —ter
576 1748 621 1777 r:
656 1747 738 1779 om.
772 1734 831 1778 B.
918 1733 1165 1777 conveniet
1195 1735 1241 1777 Β
1261 1734 1387 1779 Gel.:
1424 1733 1552 1777 -nit
1582 1735 1655 1778 rb.
1779 1738 1805 1777 3
1838 1746 1902 1779 an

223 1793 358 1848 (arb.)
390 1793 527 1838 rbB:
562 1807 643 1836 om.
673 1793 767 1838 Gel.
892 1794 1083 1837 anetum
1106 1794 1221 1837 rbB
1241 1793 1360 1838 Get:
1392 1807 1459 1851 qr.
1496 1792 1661 1837 ἄνισον
1677 1794 1909 1850 (anesuul

221 1851 508 1907 liquiriciam
532 1852 612 1895 Bb
645 1851 929 1910 (lyciridiam
963 1852 1076 1908 Get,
1109 1851 1347 1909 gliciridia
1377 1855 1433 1907 r).
1625 1857 1653 1896 4
1686 1866 1851 1898 soncus

225 1939 379 1983 sentia
413 1940 526 1996 Gel.‚
560 1919 679 1984 sofiti
709 1942 764 1998 (5³)
798 1941 823 1985 b
856 1942 956 1997 (qui
986 1942 1132 1985 voluit
1163 1942 1348 1998 soncus)
1380 1940 1608 1984 sonchora
1638 1942 1684 1984 Β
1708 1940 1890 1998 (σόγχος

222 2013 334 2042 nam
366 2000 413 2042 et
444 2001 503 2043 rb
524 1999 646 2044 Get:
682 2000 764 2043 sed
788 2000 835 2042 et
859 2000 917 2044 Β.
1012 1998 1187 2043 cervini
1219 2013 1362 2043 cornu
1377 1998 1504 2057 (-ni
1522 2001 1565 2055 b)
1591 2001 1616 2044 b
1636 2000 1755 2045 Gel.:
1781 2014 1908 2044 corn

224 2057 400 2102 cervini
431 2059 521 2102 rB.
685 2060 758 2103 hic
789 2059 1030 2103 adduntur
1060 2073 1213 2104 versus
1239 2062 1266 2103 5
1292 2061 1342 2103 in
1365 2061 1416 2104 b:
1451 2058 1642 2103 Costum
1673 2061 1721 2102 et
1750 2058 1886 2103 baec

222 2116 345 2161 lauri
376 2122 453 2161 etc.
639 2123 661 2161 7
695 2117 763 2161 De
796 2118 838 2162 d.
875 2117 1146 2162 causatione
1177 2120 1237 2162 rb
1269 2118 1405 2175 (XVI.
1444 2118 1581 2175 Gel.):
1614 2118 1681 2162 De
1715 2118 1758 2163 d.
1792 2132 1817 2162 0
1881 2136 1913 2155 τ·-

222 2175 431 2220 tionibus
463 2175 560 2220 XV.
595 2177 652 2221 Β.
837 2181 862 2219 9
896 2176 995 2220 sine
1028 2176 1257 2221 dilatione
1287 2178 1388 2223 rB:
1423 2190 1604 2234 semper
1634 2179 1674 2232 b,
1706 2192 1789 2222 om.
1825 2177 1913 2224 G

227 2236 302 2292 (cf.
336 2241 620 2292 παραχρῆμα
651 2251 717 2293 9r
752 2236 894 2291 XIV,
926 2238 1017 2293 42).
1142 2236 1396 2294 compescit
1419 2237 1464 2280 Β
1486 2237 1603 2282 Gela
1637 2250 1889 2293 compescn

223 2296 296 2340 rb.
394 2299 446 2337 10
472 2308 550 2338 016
577 2295 694 2340 Gel..
729 2294 798 2338 ori
822 2310 846 2339 1
860 2296 952 2340 bB.
1046 2298 1305 2339 remoratus
1329 2298 1388 2341 rb
1410 2297 1530 2341 Gela
1562 2296 1838 2340 remorando

226 2359 276 2396 11
320 2355 539 2411 operatus
580 2356 652 2398 est
695 2355 790 2400 Gel.
832 2354 920 2411 (ita
952 2357 1172 2412 operatur
1205 2357 1266 2412 b).
1299 2355 1479 2413 profuit
1509 2353 1886 2400 1·Β.12“

223 2412 333 2457 vino
363 2429 388 2457 r
397 2414 442 2456 Β
473 2414 548 2470 (cf.
588 2414 698 2458 vino
745 2414 938 2457 decocta
971 2415 1034 2471 b).
1086 2429 1168 2459 om.
1219 2416 1313 2460 Gel
1357 2419 1475 2472 (eum
1515 2429 1628 2472 seqq.
1669 2429 1809 2472 usque
1856 2420 1912 2467 ιζ

299 2477 354 2516 14
377 2472 625 2530 (similiter.
660 2473 726 2516 sic
759 2473 904 2517 etiam
935 2473 1214 2541 lyciridiae).
1400 2478 1455 2517 13
1494 2474 1570 2518 vel
1610 2473 1717 2517 rubi
1747 2474 1816 2519 B:
1846 2487 1894 2517 v
1905 2479 1907 2482 ’

223 2487 363 2575 rubos
395 2547 432 2587 r,
466 2533 514 2575 et
544 2532 688 2576 rubus
722 2534 760 2577 b.
958 2532 1151 2590 cipressi
1181 2533 1279 2591 pile
1313 2535 1338 2578 b
1362 2534 1579 2590 (σφαιρία
1609 2535 1716 2591 9r.):
1751 2532 1891 2590 cipr·
1907 2536 1909 2538 ’

226 2604 382 2634 sorum
412 2591 543 2648 pelas
575 2607 620 2648 r,
661 2605 984 2650 cypressorum
1014 2593 1191 2636 fructus
1224 2594 1282 2638 Β.
1469 2597 1523 2636 14
1553 2592 1604 2636 in
1641 2592 1751 2637 vino
1791 2601 1890 2636 000

228 2651 274 2694 b:
306 2664 386 2694 om.
414 2651 505 2694 rB.
629 2654 677 2695 et
706 2651 813 2695 tede
845 2651 1043 2709 pingues
1075 2654 1174 2697 rB:
1210 2654 1257 2697 et
1287 2652 1400 2696 teda
1429 2651 1531 2709 pini
1555 2654 1595 2696 b.
1692 2651 1876 2695 simili·-
1893 2704 1900 2714 ἡ

228 2707 294 2750 sic
334 2708 478 2751 etiam
516 2709 762 2765 lyciridiae
794 2710 1042 2767 (liquiritie
1074 2714 1115 2768 r)
1155 2711 1206 2755 in
1239 2711 1349 2757 vino
1388 2727 1414 2756 r
1433 2711 1529 2757 Gel.
1564 2710 1896 2768 (similiter.

228 2766 374 2810 etiam
404 2767 642 2822 liquiricia
672 2770 722 2812 in
752 2785 795 2814 v.
830 2772 894 2826 b):
928 2784 1010 2815 om.
1044 2772 1103 2815 Β.
1347 2770 1557 2815 decoctio
1591 2772 1615 2816 b
1637 2770 1754 2816 Gela
1789 2794 1843 2803 -

228 2826 293 2881 (te
323 2828 363 2882 r)
395 2827 486 2870 rB.
610 2828 708 2872 sine
742 2829 1041 2873 cunctatione
1072 2832 1152 2874 rB
1171 2831 1290 2876 Gel:
1333 2829 1433 2874 sine
1463 2843 1595 2873 mora
1627 2831 1665 2874 b.
1791 2832 1888 2872 16

228 2886 351 2986 (αηῡᾶς
381 2884 493 2987 116Ιέ
513 2887 619 2931 add.
653 2888 698 2930 Β
730 2894 770 2932 et
801 2890 898 2944 (qui
929 2903 1013 2933 om
1046 2902 1131 2946 seq.
1167 2891 1229 2946 et)
1261 2904 1298 2935 r.
1495 2888 1675 2946 profuit
1704 2903 1730 2933 1
1738 2887 1784 2932 Β
1803 2887 1860 2947 Θ
1891 2913 1906 2934 2.

228 2956 313 2999 pro
350 2957 398 2986 es
1811 2987 1813 2989 ,
1867 2959 1878 2979 ³
