1950 3172
161 111 275 166 184
686 112 1003 156 ’1113011031
1030 112 1332 156 muscum

312 251 443 302 aliud
475 257 524 301 et
555 250 713 316 spleni
745 256 795 300 et
818 251 949 315 epati
973 250 1270 299 conveniens
1294 251 1348 299 in
1375 249 1568 300 fervore
1598 255 1855 303 utrorum*
1910 273 1936 306 ·’,.

164 356 259 405 que
291 340 707 406 praecordiorum.
764 339 1169 403 crocomagmatis
1206 337 1307 387 11οΕ
1329 337 1372 404 Ι,
1411 353 1553 388 cerae
1592 323 1661 388 lib
1677 339 1714 406 Ι,
1753 339 1857 390 olei

163 431 296 478 rosei
327 444 425 478 unc
447 427 567 494 Vlll,
606 433 769 492 guttae
803 429 1098 477 ammoniaci
1129 426 1264 493 libI,
1304 428 1431 476 aceti
1470 433 1709 492 quantum
1748 428 1855 478 suf·
1938 445 1944 469 ’τ

164 504 267 552 ficit
304 502 364 551 ad
404 507 591 565 guttam
630 503 923 550 ammoniaci
961 501 1336 551 dissolvendam.

115 587 137 620 5
308 575 430 624 haec
462 577 625 624 omnia
650 574 914 640 emplastra
943 563 1022 624 vel
1052 575 1341 639 malagmata
1374 577 1672 625 conveniunt
1703 591 1853 626 causa

162 650 349 714 splenis
381 649 767 726 indignantibus,
824 649 1004 714 quibus
1037 649 1236 714 expedit
1268 648 1327 698 ab
1362 649 1590 699 omnibus
1624 649 1857 700 dulcibus
1941 675 1944 677 ·

162 724 423 772 abstinere.

70 795 142 848 82
308 812 426 846 sane
467 799 511 846 si
552 797 692 861 splen
732 798 964 847 duritiam
1011 797 1291 861 adduxerit,
1343 812 1466 861 quae
1515 797 1574 846 de
1614 797 1855 883 hydropis

160 856 251 921 nos
291 877 590 936 superventu
628 871 738 935 plus
777 878 983 937 terreat,
1039 873 1186 920 etiam
1230 871 1310 919 his
1356 871 1641 935 potionibus
1687 873 1850 920 immi-

93 958 136 990 10
160 945 378 994 nendum
433 951 521 994 est.
600 951 792 994 acetum
852 945 1174 995 scilliticum
1188 947 1241 994 in
1291 950 1488 993 noctem
1542 947 1594 993 in
1648 945 1851 994 modum

158 1021 307 1068 unius
348 1018 584 1068 coclearis
625 1019 818 1068 sorberi
857 1019 1016 1068 debet.
1087 1034 1264 1084 aquam
1303 1017 1508 1068 calidam
1546 1018 1720 1069 bibant
1764 1019 1853 1068 ubi

159 1095 348 1142 ferrum
372 1095 572 1157 igneum
605 1095 923 1158 extinguitur.
980 1098 1062 1142 aut
1087 1093 1147 1142 de
1172 1094 1398 1157 utrisque
1426 1108 1631 1157 puscam
1661 1099 1853 1158 tempe·
1888 1123 1895 1136 ·

159 1173 315 1216 ratam
362 1168 619 1231 accipiant.
704 1174 907 1216 utantur
954 1166 1326 1216 decoctionibus
1378 1168 1604 1230 capparis
1651 1173 1735 1216 aut
1781 1167 1852 1216 la-

159 1241 295 1306 pathi
335 1246 417 1289 aut
470 1242 694 1289 tamarici
747 1247 830 1290 aut
883 1241 967 1291 ubi
1015 1242 1141 1290 forte
1188 1255 1408 1289 murram
1462 1240 1720 1290 infuderis.
1797 1243 1851 1290 in-

93 1329 135 1360 15
160 1315 360 1364 modum
398 1314 671 1378 palaestrae
712 1315 880 1364 fricari
919 1331 1003 1364 eos
1045 1316 1298 1380 convenit,
1338 1314 1645 1364 commodius
1683 1321 1851 1364 tamen

160 1391 203 1437 si
234 1388 453 1437 laborem
477 1387 713 1437 libentius
739 1391 1041 1438 sustinentes
1075 1391 1178 1437 suis
1208 1403 1355 1452 quam
1376 1390 1589 1437 maxime
1621 1389 1854 1438 manibus

159 1463 475 1511 defricentur.
540 1464 839 1526 gestationes
874 1478 1050 1512 cursus
1084 1468 1132 1511 et
1164 1469 1357 1511 ceteros
1390 1461 1583 1511 labores
1616 1468 1851 1527 appetere

159 1542 366 1601 oportet.
445 1536 682 1600 dropaces
730 1538 930 1601 impono
977 1543 1201 1601 tempore
1250 1538 1550 1601 competenti
1597 1542 1646 1585 et
1685 1542 1851 1586 cetera

160 1626 282 1674 quae
324 1609 458 1674 cyclo
499 1612 812 1660 conveniunt.
888 1613 964 1660 uti
1001 1610 1207 1659 lavacris
1256 1610 1398 1659 salsis
1437 1610 1513 1659 vel
1559 1610 1853 1660 bitumineis

90 1697 134 1728 20
158 1683 463 1733 naturalibus
497 1685 708 1748 expedit.
763 1691 931 1734 natare
971 1686 1259 1749 frequenter
1292 1686 1440 1733 etiam
1477 1686 1529 1733 in
1561 1700 1697 1733 mare
1736 1684 1849 1750 plus

279 1859 301 1897 1
342 1856 657 1913 crocomagmi
695 1857 761 1912 Β,
809 1870 996 1900 crocum
1032 1870 1208 1924 magna
1249 1857 1301 1911 V,
1341 1855 1406 1901 Co
1442 1869 1617 1913 magna
1649 1857 1694 1900 b:
1737 1872 1787 1900 cc
1810 1871 1852 1902 ‘r

157 1921 182 1958 2
218 1927 324 1958 cera
355 1914 480 1959 libra
514 1917 612 1971 (om.
640 1916 735 1972 Ι)..
759 1918 927 1983 gutta
956 1917 1038 1972 (sic
1068 1917 1205 1961 etiam
1236 1917 1299 1972 Β)
1334 1929 1375 1959 a
1408 1914 1531 1958 libra
1561 1915 1595 1960 Ι
1629 1916 1762 1959 aceto
1798 1916 1850 1960 V

157 1979 182 2017 2
215 1973 334 2017 VIII.
367 1974 470 2028 Bb,
505 1976 608 2018 octo
648 1975 697 2019 V:
733 1974 979 2019 duodecim
1008 1990 1045 2019 r.
1170 1974 1512 2019 ammoniacam
1536 1974 1770 2031 VB(—ci
1793 1977 1850 2030 r)

157 2037 183 2075 5
218 2032 500 2077 conveniant
532 2035 584 2078 V.
708 2034 860 2077 causis
893 2034 1067 2090 splenis
1090 2049 1116 2079 r
1136 2035 1231 2080 Gel.
1259 2033 1544 2090 (spleneticis
1577 2035 1640 2090 b):
1675 2034 1854 2091 splenis

166 2092 208 2134 V
230 2091 442 2148 (—nibus
467 2093 543 2149 B).
693 2097 718 2135 8
754 2092 886 2150 splen
916 2094 962 2137 Β
984 2093 1079 2138 Gez.
1106 2095 1165 2150 (et
1195 2108 1296 2138 cum
1326 2092 1344 2136 1
1375 2096 1427 2137 in
1456 2095 1565 2149 ras.)
1591 2094 1629 2148 b,
1662 2092 1849 2150 phlenis

162 2151 214 2205 V,
248 2150 398 2207 spleni
429 2167 465 2196 r.
589 2152 838 2195 obduxerit
867 2168 904 2197 r.
1011 2157 1067 2196 10
1098 2152 1149 2196 in
1178 2154 1365 2196 noctem
1404 2152 1556 2197 VGez.
1590 2153 1713 2208 (—te
1737 2154 1852 2209 rB):

157 2210 218 2253 ad
248 2211 435 2253 noctem
467 2212 503 2255 b.
630 2216 682 2254 11
725 2211 852 2255 sorbi
884 2211 1025 2255 debet
1066 2212 1159 2255 VB
1185 2211 1381 2268 (sorberi
1413 2210 1554 2255 debet
1586 2211 1722 2267 Gel.):
1763 2226 1849 2256 om.

155 2271 215 2314 rb
240 2271 337 2326 (ubi
362 2283 401 2314 a.
430 2269 585 2325 squill.
604 2269 654 2313 in
670 2286 712 2315 n.
733 2269 869 2314 dabis
894 2270 943 2313 in
966 2286 1025 2315 m.
1051 2286 1094 2315 u.
1123 2270 1341 2315 coclearii
1371 2286 1409 2326 r,
1443 2284 1483 2315 a.
1518 2285 1585 2326 sq.
1619 2269 1755 2313 dabis
1788 2270 1850 2314 ad

154 2343 199 2373 11.
224 2329 259 2373 Ι.
293 2328 404 2372 cocl'
432 2330 486 2385 b).
626 2343 797 2385 aquam
828 2332 893 2374 rb
915 2330 1035 2375 Gel.:
1068 2344 1227 2374 caram
1259 2332 1357 2387 (sic)
1395 2330 1499 2374 VB.
1628 2328 1762 2373 bibet
1795 2330 1851 2374 V.

159 2392 211 2430 12
230 2387 261 2432 f.
281 2387 486 2431 calidum
504 2390 602 2445 (sic)
619 2388 809 2445 igneum
833 2389 937 2445 VB,
962 2389 1135 2432 ferrum
1158 2388 1362 2446 ignitum
1377 2404 1403 2434 r
1420 2389 1609 2445 (ferrum
1623 2390 1770 2445 simpl.
1790 2390 1849 2445 b).

155 2446 398 2503 utriusque
442 2448 492 2492 V.
619 2453 670 2491 13
703 2449 899 2491 utantur
929 2463 954 2492 ‘r
975 2449 1092 2493 Gai:
1124 2449 1373 2491 ututantur
1412 2448 1464 2503 V,
1500 2448 1547 2491 et
1570 2449 1764 2490 utantur
1786 2449 1847 2491 Β.

154 2504 307 2561 lapati
338 2507 391 2562 V,
425 2505 545 2550 —cii
566 2507 687 2552 er.
797 2511 853 2549 14
876 2507 1096 2563 ta(tria—
1123 2506 1355 2564 V)marici
1382 2507 1495 2551 VB:
1529 2505 1654 2550 —cis
1679 2506 1853 2575 rffiqz.)

155 2566 212 2608 ab
259 2566 345 2609 hac
381 2579 483 2610 voce
521 2568 573 2610 in
613 2568 637 2610 b
676 2568 942 2611 inseruntur
987 2568 1187 2611 remedia
1231 2567 1476 2624 splenetica
1514 2566 1724 2622 plurima
1761 2567 1847 2612 sic.

155 2622 389 2666 Tamarici
420 2623 540 2681 ligni
564 2624 813 2668 fasciculos
838 2624 911 2669 ΠΙ.
938 2624 987 2668 111
1012 2625 1107 2669 olla
1129 2624 1227 2669 rud'
1255 2639 1361 2669 cum
1385 2626 1517 2669 aceto
1551 2624 1823 2680 decoques..

157 2685 212 2723 16
247 2681 286 2724 si
316 2681 526 2726 laborem
557 2685 718 2740 rGel.,
765 2683 805 2727 31
836 2683 1020 2728 labores
1054 2687 1101 2729 b.
1143 2683 1183 2727 si
1215 2684 1417 2728 siborem
1456 2684 1510 2739 V,
1550 2682 1591 2726 si
1623 2660 1850 2739 saponem

157 2740 203 2794 (1)
228 2740 287 2784 Β.
453 2746 507 2785 19
542 2743 670 2798 cyclo
715 2743 768 2798 V,
802 2742 918 2786 ciclo
951 2745 1011 2799 B,
1046 2742 1187 2787 ciclos
1220 2758 1245 2788 r
1268 2745 1392 2799 (haec
1415 2757 1499 2788 om.
1533 2744 1589 2799 b)
1770 2740 1847 2785 vel

165 2797 260 2840 VB
271 2799 320 2841 b
355 2799 401 2840 et
436 2799 530 2843 Gel.
653 2806 710 2844 20
741 2803 926 2846 natare:
959 2803 1157 2846 naturae
1188 2803 1325 2847 rVB
1339 2801 1434 2847 Gel.
1461 2803 1559 2859 (om.
1587 2802 1626 2857 b,
1657 2801 1741 2845 ubi
1770 2800 1849 2845 vel

154 2854 427 2971 bi3u11171i1131ec15
444 2857 534 2960 Zvel
565 2857 615 2901 in
644 2859 794 2916 mari).
962 2859 1012 2903 in
1043 2874 1171 2904 mare
1202 2876 1240 2916 r,
1273 2860 1323 2904 in
1353 2860 1474 2905 mari
1505 2862 1552 2905 b:
1583 2873 1713 2903 mare
1745 2860 1850 2916 (om

153 2928 206 2957 111
420 2930 440 2959 e
