<?xml version="1.0" encoding="UTF-8"?>
<!DOCTYPE html PUBLIC "-//W3C//DTD XHTML 1.0 Transitional//EN"
    "http://www.w3.org/TR/xhtml1/DTD/xhtml1-transitional.dtd">
<html xmlns="http://www.w3.org/1999/xhtml" xml:lang="en" lang="en">
 <head>
  <title>
</title>
<meta http-equiv="Content-Type" content="text/html;charset=utf-8" />
  <meta name='ocr-system' content='tesseract 3.04.00' />
  <meta name='ocr-capabilities' content='ocr_page ocr_carea ocr_par ocr_line ocrx_word'/>
</head>
<body>
  <div class='ocr_page' id='page_1' title='image "./theoeuporislibr00prisuoft_0171.png"; bbox 0 0 1950 3172; ppageno 0'>
   <div class='ocr_carea' id='block_1_1' title="bbox 0 0 117 264">
    <p class='ocr_par' dir='ltr' id='par_1_1' title="bbox 0 0 117 264">
     <span class='ocr_line' id='line_1_1' title="bbox 0 0 117 264; baseline 0 2908"><span class='ocrx_word' id='word_1_1' title='bbox 0 0 117 264; x_wconf 95' lang='lat' dir='ltr'> </span> 
     </span>
    </p>
   </div>
   <div class='ocr_carea' id='block_1_2' title="bbox 850 119 1826 173">
    <p class='ocr_par' dir='ltr' id='par_1_2' title="bbox 850 119 1826 173">
     <span class='ocr_line' id='line_1_2' title="bbox 850 119 1826 173; baseline 0.005 -5"><span class='ocrx_word' id='word_1_2' title='bbox 850 126 1124 170; x_wconf 69' lang='lat' dir='ltr'>mamus,</span> <span class='ocrx_word' id='word_1_3' title='bbox 1721 119 1826 173; x_wconf 85' lang='lat'>139</span> 
     </span>
    </p>
   </div>
   <div class='ocr_carea' id='block_1_3' title="bbox 555 321 1419 387">
    <p class='ocr_par' dir='ltr' id='par_1_3' title="bbox 555 321 1419 387">
     <span class='ocr_line' id='line_1_3' title="bbox 555 321 1419 387; baseline -0.006 -13"><span class='ocrx_word' id='word_1_4' title='bbox 555 324 700 374; x_wconf 89' lang='lat' dir='ltr'>XIIII.</span> <span class='ocrx_word' id='word_1_5' title='bbox 739 323 814 372; x_wconf 91' lang='lat' dir='ltr'>De</span> <span class='ocrx_word' id='word_1_6' title='bbox 855 321 1148 387; x_wconf 79' lang='lat' dir='ltr'>querellis</span> <span class='ocrx_word' id='word_1_7' title='bbox 1188 322 1419 386; x_wconf 80' lang='lat' dir='ltr'>capitis,</span> 
     </span>
    </p>
   </div>
   <div class='ocr_carea' id='block_1_4' title="bbox 142 417 1918 1230">
    <p class='ocr_par' dir='ltr' id='par_1_4' title="bbox 145 417 1918 627">
     <span class='ocr_line' id='line_1_4' title="bbox 298 417 1918 493; baseline -0.006 -14"><span class='ocrx_word' id='word_1_8' title='bbox 298 429 553 489; x_wconf 84' lang='lat' dir='ltr'>Querellae</span> <span class='ocrx_word' id='word_1_9' title='bbox 609 429 783 493; x_wconf 83' lang='lat' dir='ltr'>capitis</span> <span class='ocrx_word' id='word_1_10' title='bbox 837 428 985 475; x_wconf 84' lang='lat' dir='ltr'>variis</span> <span class='ocrx_word' id='word_1_11' title='bbox 1039 426 1324 490; x_wconf 89' lang='lat' dir='ltr'>frequenter</span> <span class='ocrx_word' id='word_1_12' title='bbox 1378 439 1437 473; x_wconf 88' lang='lat' dir='ltr'>ex</span> <span class='ocrx_word' id='word_1_13' title='bbox 1493 421 1829 472; x_wconf 83' lang='lat' dir='ltr'>accidentibus</span> <span class='ocrx_word' id='word_1_14' title='bbox 1845 417 1918 470; x_wconf 86' lang='lat'>40</span> 
     </span>
     <span class='ocr_line' id='line_1_5' title="bbox 147 497 1828 569; baseline -0.006 -15"><span class='ocrx_word' id='word_1_15' title='bbox 147 505 515 569; x_wconf 81' lang='lat' dir='ltr'>superveniunt,</span> <span class='ocrx_word' id='word_1_16' title='bbox 553 507 609 551; x_wconf 93' lang='lat' dir='ltr'>ut</span> <span class='ocrx_word' id='word_1_17' title='bbox 647 500 905 566; x_wconf 82' lang='lat' dir='ltr'>aliquando</span> <span class='ocrx_word' id='word_1_18' title='bbox 938 500 998 548; x_wconf 92' lang='lat' dir='ltr'>de</span> <span class='ocrx_word' id='word_1_19' title='bbox 1030 514 1207 563; x_wconf 83' lang='lat' dir='ltr'>vapore</span> <span class='ocrx_word' id='word_1_20' title='bbox 1249 497 1507 563; x_wconf 80' lang='lat' dir='ltr'>aliquando</span> <span class='ocrx_word' id='word_1_21' title='bbox 1548 497 1607 545; x_wconf 91' lang='lat' dir='ltr'>de</span> <span class='ocrx_word' id='word_1_22' title='bbox 1645 497 1828 560; x_wconf 81' lang='lat' dir='ltr'><strong>frigore</strong></span> 
     </span>
     <span class='ocr_line' id='line_1_6' title="bbox 145 572 1428 627; baseline -0.005 0"><span class='ocrx_word' id='word_1_23' title='bbox 145 578 224 627; x_wconf 81' lang='lat' dir='ltr'>vel</span> <span class='ocrx_word' id='word_1_24' title='bbox 261 578 321 627; x_wconf 91' lang='lat' dir='ltr'>de</span> <span class='ocrx_word' id='word_1_25' title='bbox 362 578 540 626; x_wconf 89' lang='lat' dir='ltr'>ceteris</span> <span class='ocrx_word' id='word_1_26' title='bbox 580 574 854 624; x_wconf 87' lang='lat' dir='ltr'>rationibus</span> <span class='ocrx_word' id='word_1_27' title='bbox 894 573 1117 622; x_wconf 87' lang='lat' dir='ltr'>accidere</span> <span class='ocrx_word' id='word_1_28' title='bbox 1156 572 1428 621; x_wconf 81' lang='lat' dir='ltr'>videantur.</span> 
     </span>
    </p>

    <p class='ocr_par' dir='ltr' id='par_1_5' title="bbox 144 645 1894 932">
     <span class='ocr_line' id='line_1_7' title="bbox 291 645 1894 715; baseline -0.005 -16"><span class='ocrx_word' id='word_1_29' title='bbox 291 653 442 715; x_wconf 86' lang='lat' dir='ltr'>igitur</span> <span class='ocrx_word' id='word_1_30' title='bbox 481 649 674 713; x_wconf 84' lang='lat' dir='ltr'>quando</span> <span class='ocrx_word' id='word_1_31' title='bbox 715 648 774 697; x_wconf 90' lang='lat' dir='ltr'>de</span> <span class='ocrx_word' id='word_1_32' title='bbox 813 662 991 711; x_wconf 85' lang='lat' dir='ltr'>vapore</span> <span class='ocrx_word' id='word_1_33' title='bbox 1032 645 1171 695; x_wconf 86' lang='lat' dir='ltr'>dolor</span> <span class='ocrx_word' id='word_1_34' title='bbox 1209 645 1450 694; x_wconf 78' lang='lat' dir='ltr'>insederit</span> <span class='ocrx_word' id='word_1_35' title='bbox 1489 646 1660 710; x_wconf 79' lang='lat' dir='ltr'>capiti,</span> <span class='ocrx_word' id='word_1_36' title='bbox 1710 650 1827 693; x_wconf 85' lang='lat' dir='ltr'>tunc</span> <span class='ocrx_word' id='word_1_37' title='bbox 1874 657 1894 689; x_wconf 87' lang='lat'><strong>5</strong></span> 
     </span>
     <span class='ocr_line' id='line_1_8' title="bbox 145 719 1828 784; baseline -0.005 -10"><span class='ocrx_word' id='word_1_38' title='bbox 145 725 395 774; x_wconf 87' lang='lat' dir='ltr'>accidente</span> <span class='ocrx_word' id='word_1_39' title='bbox 434 722 517 771; x_wconf 91' lang='lat' dir='ltr'>illo</span> <span class='ocrx_word' id='word_1_40' title='bbox 557 722 725 770; x_wconf 89' lang='lat' dir='ltr'>dolore</span> <span class='ocrx_word' id='word_1_41' title='bbox 766 736 877 769; x_wconf 91' lang='lat' dir='ltr'>cum</span> <span class='ocrx_word' id='word_1_42' title='bbox 922 735 1100 784; x_wconf 86' lang='lat' dir='ltr'>vapore</span> <span class='ocrx_word' id='word_1_43' title='bbox 1142 719 1352 783; x_wconf 84' lang='lat' dir='ltr'>quodam</span> <span class='ocrx_word' id='word_1_44' title='bbox 1391 724 1440 767; x_wconf 88' lang='lat' dir='ltr'>et</span> <span class='ocrx_word' id='word_1_45' title='bbox 1478 733 1716 767; x_wconf 88' lang='lat' dir='ltr'>venarum</span> <span class='ocrx_word' id='word_1_46' title='bbox 1755 720 1828 766; x_wconf 89' lang='lat' dir='ltr'>in-</span> 
     </span>
     <span class='ocr_line' id='line_1_9' title="bbox 144 793 1831 858; baseline -0.005 -11"><span class='ocrx_word' id='word_1_47' title='bbox 144 799 341 847; x_wconf 85' lang='lat' dir='ltr'>flatione</span> <span class='ocrx_word' id='word_1_48' title='bbox 387 797 678 845; x_wconf 82' lang='lat' dir='ltr'>concutitur.</span> <span class='ocrx_word' id='word_1_49' title='bbox 733 800 852 843; x_wconf 91' lang='lat' dir='ltr'>tunc</span> <span class='ocrx_word' id='word_1_50' title='bbox 900 793 1029 842; x_wconf 93' lang='lat' dir='ltr'>oculi</span> <span class='ocrx_word' id='word_1_51' title='bbox 1077 794 1357 858; x_wconf 81' lang='lat' dir='ltr'>sanguinei⁷</span> <span class='ocrx_word' id='word_1_52' title='bbox 1404 798 1522 841; x_wconf 90' lang='lat' dir='ltr'>tunc</span> <span class='ocrx_word' id='word_1_53' title='bbox 1570 794 1717 840; x_wconf 83' lang='lat' dir='ltr'>etiam</span> <span class='ocrx_word' id='word_1_54' title='bbox 1756 793 1831 839; x_wconf 91' lang='lat' dir='ltr'>in-</span> 
     </span>
     <span class='ocr_line' id='line_1_10' title="bbox 145 870 1061 932; baseline -0.005 -12"><span class='ocrx_word' id='word_1_55' title='bbox 145 873 460 920; x_wconf 84' lang='lat' dir='ltr'>somnietates</span> <span class='ocrx_word' id='word_1_56' title='bbox 499 870 680 918; x_wconf 82' lang='lat' dir='ltr'>nimiae</span> <span class='ocrx_word' id='word_1_57' title='bbox 719 873 1061 932; x_wconf 74' lang='lat' dir='ltr'>procurantur.</span> 
     </span>
    </p>

    <p class='ocr_par' dir='ltr' id='par_1_6' title="bbox 142 939 1897 1230">
     <span class='ocr_line' id='line_1_11' title="bbox 289 939 1832 1007; baseline -0.004 -15"><span class='ocrx_word' id='word_1_58' title='bbox 289 945 366 992; x_wconf 88' lang='lat' dir='ltr'>his</span> <span class='ocrx_word' id='word_1_59' title='bbox 418 942 666 1007; x_wconf 86' lang='lat' dir='ltr'>gremialis</span> <span class='ocrx_word' id='word_1_60' title='bbox 721 942 816 990; x_wconf 91' lang='lat' dir='ltr'>olei</span> <span class='ocrx_word' id='word_1_61' title='bbox 869 941 1050 989; x_wconf 83' lang='lat' dir='ltr'>infusio</span> <span class='ocrx_word' id='word_1_62' title='bbox 1099 939 1373 988; x_wconf 84' lang='lat' dir='ltr'>adhihenda</span> <span class='ocrx_word' id='word_1_63' title='bbox 1420 941 1527 987; x_wconf 90' lang='lat' dir='ltr'>erit.</span> <span class='ocrx_word' id='word_1_64' title='bbox 1617 954 1741 1003; x_wconf 83' lang='lat' dir='ltr'>quae</span> <span class='ocrx_word' id='word_1_65' title='bbox 1790 940 1832 987; x_wconf 93' lang='lat' dir='ltr'>si</span> 
     </span>
     <span class='ocr_line' id='line_1_12' title="bbox 143 1012 1897 1078; baseline -0.005 -11"><span class='ocrx_word' id='word_1_66' title='bbox 143 1019 268 1067; x_wconf 88' lang='lat' dir='ltr'>forte</span> <span class='ocrx_word' id='word_1_67' title='bbox 315 1019 479 1066; x_wconf 90' lang='lat' dir='ltr'>minus</span> <span class='ocrx_word' id='word_1_68' title='bbox 527 1015 746 1064; x_wconf 92' lang='lat' dir='ltr'>dolorem</span> <span class='ocrx_word' id='word_1_69' title='bbox 793 1015 1175 1078; x_wconf 78' lang='lat' dir='ltr'>compescuerit,</span> <span class='ocrx_word' id='word_1_70' title='bbox 1227 1012 1390 1061; x_wconf 89' lang='lat' dir='ltr'>oleum</span> <span class='ocrx_word' id='word_1_71' title='bbox 1445 1027 1645 1061; x_wconf 88' lang='lat' dir='ltr'>roseum</span> <span class='ocrx_word' id='word_1_72' title='bbox 1692 1012 1827 1061; x_wconf 82' lang='lat' dir='ltr'>adhi-</span> <span class='ocrx_word' id='word_1_73' title='bbox 1855 1025 1897 1056; x_wconf 83' lang='lat'>10</span> 
     </span>
     <span class='ocr_line' id='line_1_13' title="bbox 142 1085 1833 1153; baseline -0.004 -13"><span class='ocrx_word' id='word_1_74' title='bbox 142 1091 329 1140; x_wconf 78' lang='lat' dir='ltr'>bemus,</span> <span class='ocrx_word' id='word_1_75' title='bbox 423 1091 563 1139; x_wconf 91' lang='lat' dir='ltr'>cuius</span> <span class='ocrx_word' id='word_1_76' title='bbox 619 1091 661 1138; x_wconf 91' lang='lat' dir='ltr'>si</span> <span class='ocrx_word' id='word_1_77' title='bbox 716 1090 855 1153; x_wconf 85' lang='lat' dir='ltr'>copia</span> <span class='ocrx_word' id='word_1_78' title='bbox 910 1088 1147 1153; x_wconf 79' lang='lat' dir='ltr'>defuerit,</span> <span class='ocrx_word' id='word_1_79' title='bbox 1203 1085 1452 1150; x_wconf 84' lang='lat' dir='ltr'>gremialis</span> <span class='ocrx_word' id='word_1_80' title='bbox 1509 1102 1656 1150; x_wconf 81' lang='lat' dir='ltr'>supra</span> <span class='ocrx_word' id='word_1_81' title='bbox 1711 1086 1833 1134; x_wconf 91' lang='lat' dir='ltr'>dicti</span> 
     </span>
     <span class='ocr_line' id='line_1_14' title="bbox 145 1160 1828 1230; baseline -0.004 -16"><span class='ocrx_word' id='word_1_82' title='bbox 145 1171 375 1230; x_wconf 83' lang='lat' dir='ltr'>quattuor</span> <span class='ocrx_word' id='word_1_83' title='bbox 413 1163 635 1228; x_wconf 83' lang='lat' dir='ltr'>partibus</span> <span class='ocrx_word' id='word_1_84' title='bbox 676 1165 809 1212; x_wconf 90' lang='lat' dir='ltr'>rosei</span> <span class='ocrx_word' id='word_1_85' title='bbox 846 1177 944 1210; x_wconf 87' lang='lat' dir='ltr'>una</span> <span class='ocrx_word' id='word_1_86' title='bbox 984 1163 1079 1210; x_wconf 87' lang='lat' dir='ltr'>erit</span> <span class='ocrx_word' id='word_1_87' title='bbox 1118 1168 1167 1209; x_wconf 85' lang='lat' dir='ltr'>et</span> <span class='ocrx_word' id='word_1_88' title='bbox 1199 1162 1325 1209; x_wconf 82' lang='lat' dir='ltr'>aceti</span> <span class='ocrx_word' id='word_1_89' title='bbox 1363 1175 1460 1208; x_wconf 85' lang='lat' dir='ltr'>una</span> <span class='ocrx_word' id='word_1_90' title='bbox 1500 1160 1828 1208; x_wconf 79' lang='lat' dir='ltr'>admiscenda.</span> 
     </span>
    </p>
   </div>
   <div class='ocr_carea' id='block_1_5' title="bbox 145 1361 1841 2848">
    <p class='ocr_par' dir='ltr' id='par_1_7' title="bbox 145 1361 1839 2536">
     <span class='ocr_line' id='line_1_15' title="bbox 260 1361 1832 1422; baseline -0.003 -12"><span class='ocrx_word' id='word_1_91' title='bbox 260 1380 345 1422; x_wconf 74' lang='grc'>309.</span> <span class='ocrx_word' id='word_1_92' title='bbox 378 1366 474 1409; x_wconf 75' lang='lat' dir='ltr'>ind.</span> <span class='ocrx_word' id='word_1_93' title='bbox 506 1378 638 1421; x_wconf 77' lang='lat' dir='ltr'>capp.</span> <span class='ocrx_word' id='word_1_94' title='bbox 677 1364 729 1407; x_wconf 70' lang='lat' dir='ltr'>in</span> <span class='ocrx_word' id='word_1_95' title='bbox 758 1378 783 1407; x_wconf 73' lang='lat' dir='ltr'>r</span> <span class='ocrx_word' id='word_1_96' title='bbox 814 1364 910 1419; x_wconf 76' lang='lat' dir='ltr'>(qai</span> <span class='ocrx_word' id='word_1_97' title='bbox 948 1363 1170 1406; x_wconf 71' lang='lat' dir='ltr'>antecedit</span> <span class='ocrx_word' id='word_1_98' title='bbox 1195 1363 1434 1429; x_wconf 74' lang='lat' dir='ltr'>prolo9am</span> <span class='ocrx_word' id='word_1_99' title='bbox 1474 1363 1527 1405; x_wconf 68' lang='lat' dir='ltr'>i‘n</span> <span class='ocrx_word' id='word_1_100' title='bbox 1559 1362 1624 1417; x_wconf 87' lang='lat' dir='ltr'>b),</span> <span class='ocrx_word' id='word_1_101' title='bbox 1670 1361 1832 1405; x_wconf 72' lang='lat' dir='ltr'>deinde</span> 
     </span>
     <span class='ocr_line' id='line_1_16' title="bbox 147 1418 1830 1477; baseline -0.005 -8"><span class='ocrx_word' id='word_1_102' title='bbox 147 1426 269 1469; x_wconf 70' lang='lat' dir='ltr'>rabo.</span> <span class='ocrx_word' id='word_1_103' title='bbox 303 1425 396 1468; x_wconf 85' lang='grc'>1110</span> <span class='ocrx_word' id='word_1_104' title='bbox 428 1423 549 1466; x_wconf 86' lang='grc'>111001</span> <span class='ocrx_word' id='word_1_105' title='bbox 579 1421 800 1466; x_wconf 87' lang='lat' dir='ltr'>eiusdem.</span> <span class='ocrx_word' id='word_1_106' title='bbox 841 1421 908 1464; x_wconf 90' lang='lat' dir='ltr'>De</span> <span class='ocrx_word' id='word_1_107' title='bbox 941 1420 1159 1476; x_wconf 86' lang='lat' dir='ltr'>querellis</span> <span class='ocrx_word' id='word_1_108' title='bbox 1200 1420 1368 1477; x_wconf 85' lang='lat' dir='ltr'>capitis</span> <span class='ocrx_word' id='word_1_109' title='bbox 1400 1435 1426 1464; x_wconf 77' lang='lat' dir='ltr'>r</span> <span class='ocrx_word' id='word_1_110' title='bbox 1449 1420 1534 1476; x_wconf 81' lang='lat' dir='ltr'>(De</span> <span class='ocrx_word' id='word_1_111' title='bbox 1566 1418 1767 1475; x_wconf 86' lang='lat' dir='ltr'>querelis</span> <span class='ocrx_word' id='word_1_112' title='bbox 1794 1432 1830 1463; x_wconf 93' lang='grc'>0.</span> 
     </span>
     <span class='ocr_line' id='line_1_17' title="bbox 146 1479 1832 1540; baseline -0.003 -13"><span class='ocrx_word' id='word_1_113' title='bbox 146 1483 286 1527; x_wconf 89' lang='lat' dir='ltr'>XIIII</span> <span class='ocrx_word' id='word_1_114' title='bbox 313 1484 388 1540; x_wconf 91' lang='lat' dir='ltr'>B).</span> <span class='ocrx_word' id='word_1_115' title='bbox 491 1487 533 1525; x_wconf 87' lang='lat'>1</span> <span class='ocrx_word' id='word_1_116' title='bbox 550 1482 726 1525; x_wconf 77' lang='lat' dir='ltr'>Graeca</span> <span class='ocrx_word' id='word_1_117' title='bbox 752 1481 980 1524; x_wconf 80' lang='lat' dir='ltr'>Theodori</span> <span class='ocrx_word' id='word_1_118' title='bbox 1004 1481 1238 1524; x_wconf 70' lang='lat' dir='ltr'>Prisciani</span> <span class='ocrx_word' id='word_1_119' title='bbox 1262 1480 1428 1536; x_wconf 75' lang='lat' dir='ltr'>(quoad</span> <span class='ocrx_word' id='word_1_120' title='bbox 1450 1480 1531 1523; x_wconf 84' lang='lat' dir='ltr'>hoc</span> <span class='ocrx_word' id='word_1_121' title='bbox 1562 1479 1832 1534; x_wconf 74' lang='lat' dir='ltr'>capitulam)</span> 
     </span>
     <span class='ocr_line' id='line_1_18' title="bbox 145 1538 1833 1598; baseline -0.003 -12"><span class='ocrx_word' id='word_1_122' title='bbox 145 1543 279 1586; x_wconf 83' lang='lat' dir='ltr'>habes</span> <span class='ocrx_word' id='word_1_123' title='bbox 309 1542 436 1598; x_wconf 77' lang='lat' dir='ltr'>apud</span> <span class='ocrx_word' id='word_1_124' title='bbox 467 1541 542 1585; x_wconf 80' lang='lat' dir='ltr'>Ps.</span> <span class='ocrx_word' id='word_1_125' title='bbox 580 1541 682 1584; x_wconf 80' lang='lat' dir='ltr'>Gal.</span> <span class='ocrx_word' id='word_1_126' title='bbox 716 1554 754 1595; x_wconf 78' lang='grc'>9.</span> <span class='ocrx_word' id='word_1_127' title='bbox 781 1540 815 1593; x_wconf 80' lang='lat' dir='ltr'>f.</span> <span class='ocrx_word' id='word_1_128' title='bbox 848 1540 1079 1595; x_wconf 77' lang='lat' dir='ltr'>caporista</span> <span class='ocrx_word' id='word_1_129' title='bbox 1103 1540 1197 1594; x_wconf 85' lang='lat' dir='ltr'>(lib.</span> <span class='ocrx_word' id='word_1_130' title='bbox 1226 1540 1281 1594; x_wconf 85' lang='grc' dir='ltr'>Ι)</span> <span class='ocrx_word' id='word_1_131' title='bbox 1314 1552 1349 1582; x_wconf 92' lang='lat' dir='ltr'>c.</span> <span class='ocrx_word' id='word_1_132' title='bbox 1374 1539 1414 1582; x_wconf 90' lang='lat' dir='ltr'>I.</span> <span class='ocrx_word' id='word_1_133' title='bbox 1571 1542 1596 1580; x_wconf 84' lang='lat'><strong>2</strong></span> <span class='ocrx_word' id='word_1_134' title='bbox 1632 1538 1833 1581; x_wconf 73' lang='lat' dir='ltr'>Initium</span> 
     </span>
     <span class='ocr_line' id='line_1_19' title="bbox 146 1557 1835 1664; baseline -0.004 -19"><span class='ocrx_word' id='word_1_135' title='bbox 146 1557 370 1657; x_wconf 71' lang='lat' dir='ltr'>capitalip</span> <span class='ocrx_word' id='word_1_136' title='bbox 377 1601 443 1644; x_wconf 85' lang='lat' dir='ltr'>sic</span> <span class='ocrx_word' id='word_1_137' title='bbox 479 1601 613 1643; x_wconf 81' lang='lat' dir='ltr'>habet</span> <span class='ocrx_word' id='word_1_138' title='bbox 644 1600 689 1643; x_wconf 94' lang='lat' dir='ltr'>b:</span> <span class='ocrx_word' id='word_1_139' title='bbox 737 1598 995 1664; x_wconf 63' lang='lat' dir='ltr'>Emergunt</span> <span class='ocrx_word' id='word_1_140' title='bbox 1033 1597 1220 1656; x_wconf 67' lang='grc'>(11101010</span> <span class='ocrx_word' id='word_1_141' title='bbox 1261 1596 1429 1653; x_wconf 88' lang='lat' dir='ltr'>capitis</span> <span class='ocrx_word' id='word_1_142' title='bbox 1469 1597 1738 1651; x_wconf 84' lang='lat' dir='ltr'>frequenter</span> <span class='ocrx_word' id='word_1_143' title='bbox 1778 1609 1835 1639; x_wconf 87' lang='lat' dir='ltr'>ex</span> 
     </span>
     <span class='ocr_line' id='line_1_20' title="bbox 146 1655 1835 1723; baseline -0.002 -21"><span class='ocrx_word' id='word_1_144' title='bbox 146 1659 290 1702; x_wconf 86' lang='lat' dir='ltr'>variis</span> <span class='ocrx_word' id='word_1_145' title='bbox 337 1657 658 1702; x_wconf 83' lang='lat' dir='ltr'>accidentibus</span> <span class='ocrx_word' id='word_1_146' title='bbox 705 1655 872 1700; x_wconf 87' lang='lat' dir='ltr'>causis.</span> <span class='ocrx_word' id='word_1_147' title='bbox 934 1655 1057 1699; x_wconf 87' lang='lat' dir='ltr'>Nam</span> <span class='ocrx_word' id='word_1_148' title='bbox 1102 1656 1156 1698; x_wconf 92' lang='lat' dir='ltr'>fit</span> <span class='ocrx_word' id='word_1_149' title='bbox 1204 1655 1391 1723; x_wconf 68' lang='lat' dir='ltr'>assidue</span> <span class='ocrx_word' id='word_1_150' title='bbox 1438 1656 1494 1699; x_wconf 91' lang='lat' dir='ltr'>de</span> <span class='ocrx_word' id='word_1_151' title='bbox 1533 1668 1718 1711; x_wconf 84' lang='lat' dir='ltr'>vapore.</span> <span class='ocrx_word' id='word_1_152' title='bbox 1782 1655 1835 1698; x_wconf 92' lang='lat' dir='ltr'>fit</span> 
     </span>
     <span class='ocr_line' id='line_1_21' title="bbox 150 1713 1832 1774; baseline -0.003 -13"><span class='ocrx_word' id='word_1_153' title='bbox 150 1717 295 1761; x_wconf 85' lang='lat' dir='ltr'>etiam</span> <span class='ocrx_word' id='word_1_154' title='bbox 319 1717 375 1760; x_wconf 89' lang='lat' dir='ltr'>de</span> <span class='ocrx_word' id='word_1_155' title='bbox 399 1716 604 1774; x_wconf 85' lang='lat' dir='ltr'>frigdore</span> <span class='ocrx_word' id='word_1_156' title='bbox 630 1715 796 1759; x_wconf 89' lang='lat' dir='ltr'>ceteris</span> <span class='ocrx_word' id='word_1_157' title='bbox 827 1714 1093 1758; x_wconf 88' lang='lat' dir='ltr'>racionibus</span> <span class='ocrx_word' id='word_1_158' title='bbox 1120 1714 1397 1759; x_wconf 81' lang='lat' dir='ltr'>manifestis</span> <span class='ocrx_word' id='word_1_159' title='bbox 1444 1715 1498 1757; x_wconf 86' lang='lat' dir='ltr'>fit</span> <span class='ocrx_word' id='word_1_160' title='bbox 1523 1727 1579 1757; x_wconf 85' lang='lat' dir='ltr'>ex</span> <span class='ocrx_word' id='word_1_161' title='bbox 1603 1713 1832 1757; x_wconf 88' lang='lat' dir='ltr'>coleribus</span> 
     </span>
     <span class='ocr_line' id='line_1_22' title="bbox 147 1772 1836 1832; baseline -0.004 -12"><span class='ocrx_word' id='word_1_162' title='bbox 147 1778 300 1820; x_wconf 90' lang='lat' dir='ltr'>fumus</span> <span class='ocrx_word' id='word_1_163' title='bbox 333 1776 537 1832; x_wconf 89' lang='lat' dir='ltr'>quidam.</span> <span class='ocrx_word' id='word_1_164' title='bbox 583 1775 659 1818; x_wconf 86' lang='lat' dir='ltr'>vel</span> <span class='ocrx_word' id='word_1_165' title='bbox 689 1787 747 1817; x_wconf 83' lang='lat' dir='ltr'>ex</span> <span class='ocrx_word' id='word_1_166' title='bbox 778 1774 938 1818; x_wconf 89' lang='lat' dir='ltr'>atonia</span> <span class='ocrx_word' id='word_1_167' title='bbox 977 1774 1207 1817; x_wconf 82' lang='lat' dir='ltr'>stomachi</span> <span class='ocrx_word' id='word_1_168' title='bbox 1240 1772 1466 1817; x_wconf 84' lang='lat' dir='ltr'>demersio</span> <span class='ocrx_word' id='word_1_169' title='bbox 1500 1772 1669 1830; x_wconf 88' lang='lat' dir='ltr'>capitis</span> <span class='ocrx_word' id='word_1_170' title='bbox 1694 1786 1836 1828; x_wconf 89' lang='lat' dir='ltr'>quam</span> 
     </span>
     <span class='ocr_line' id='line_1_23' title="bbox 147 1831 1836 1899; baseline -0.003 -20"><span class='ocrx_word' id='word_1_171' title='bbox 147 1835 318 1880; x_wconf 88' lang='lat' dir='ltr'>medici</span> <span class='ocrx_word' id='word_1_172' title='bbox 351 1834 611 1878; x_wconf 86' lang='lat' dir='ltr'>anatemias</span> <span class='ocrx_word' id='word_1_173' title='bbox 654 1832 907 1899; x_wconf 79' lang='lat' dir='ltr'>appellant.</span> <span class='ocrx_word' id='word_1_174' title='bbox 956 1832 1032 1876; x_wconf 88' lang='lat' dir='ltr'>vel</span> <span class='ocrx_word' id='word_1_175' title='bbox 1076 1835 1197 1876; x_wconf 89' lang='lat' dir='ltr'>certe</span> <span class='ocrx_word' id='word_1_176' title='bbox 1230 1847 1285 1876; x_wconf 85' lang='lat' dir='ltr'>ex</span> <span class='ocrx_word' id='word_1_177' title='bbox 1324 1832 1561 1888; x_wconf 86' lang='lat' dir='ltr'>inproviso</span> <span class='ocrx_word' id='word_1_178' title='bbox 1593 1831 1725 1875; x_wconf 89' lang='lat' dir='ltr'>velut</span> <span class='ocrx_word' id='word_1_179' title='bbox 1757 1845 1836 1875; x_wconf 85' lang='lat' dir='ltr'>ex-</span> 
     </span>
     <span class='ocr_line' id='line_1_24' title="bbox 148 1890 1834 1958; baseline -0.004 -20"><span class='ocrx_word' id='word_1_180' title='bbox 148 1894 336 1938; x_wconf 79' lang='lat' dir='ltr'>traneis,</span> <span class='ocrx_word' id='word_1_181' title='bbox 370 1893 446 1937; x_wconf 86' lang='lat' dir='ltr'>vel</span> <span class='ocrx_word' id='word_1_182' title='bbox 468 1892 657 1936; x_wconf 89' lang='lat' dir='ltr'>incertis</span> <span class='ocrx_word' id='word_1_183' title='bbox 683 1891 763 1947; x_wconf 90' lang='lat' dir='ltr'>qui</span> <span class='ocrx_word' id='word_1_184' title='bbox 787 1891 954 1935; x_wconf 89' lang='lat' dir='ltr'>nimios</span> <span class='ocrx_word' id='word_1_185' title='bbox 981 1891 1162 1935; x_wconf 89' lang='lat' dir='ltr'>dolores</span> <span class='ocrx_word' id='word_1_186' title='bbox 1185 1891 1431 1958; x_wconf 86' lang='lat' dir='ltr'>typoribus</span> <span class='ocrx_word' id='word_1_187' title='bbox 1457 1891 1530 1935; x_wconf 92' lang='grc'>001</span> <span class='ocrx_word' id='word_1_188' title='bbox 1556 1890 1834 1948; x_wconf 87' lang='lat' dir='ltr'>emigraneis</span> 
     </span>
     <span class='ocr_line' id='line_1_25' title="bbox 149 1950 1835 2017; baseline -0.002 -21"><span class='ocrx_word' id='word_1_189' title='bbox 149 1953 308 1997; x_wconf 84' lang='lat' dir='ltr'>faciat</span> <span class='ocrx_word' id='word_1_190' title='bbox 359 1952 534 2005; x_wconf 82' lang='lat' dir='ltr'>Quibus</span> <span class='ocrx_word' id='word_1_191' title='bbox 566 1952 654 1995; x_wconf 88' lang='lat' dir='ltr'>hoc</span> <span class='ocrx_word' id='word_1_192' title='bbox 684 1952 823 2017; x_wconf 80' lang='lat' dir='ltr'>pacto</span> <span class='ocrx_word' id='word_1_193' title='bbox 850 1950 1188 1995; x_wconf 86' lang='lat' dir='ltr'>subveniemus</span> <span class='ocrx_word' id='word_1_194' title='bbox 1225 1950 1264 1993; x_wconf 87' lang='lat' dir='ltr'>si</span> <span class='ocrx_word' id='word_1_195' title='bbox 1288 1964 1341 1994; x_wconf 93' lang='lat' dir='ltr'>eo</span> <span class='ocrx_word' id='word_1_196' title='bbox 1368 1964 1479 1994; x_wconf 88' lang='lat' dir='ltr'>sane</span> <span class='ocrx_word' id='word_1_197' title='bbox 1510 1952 1719 2006; x_wconf 90' lang='lat' dir='ltr'>tempore</span> <span class='ocrx_word' id='word_1_198' title='bbox 1744 1963 1835 2005; x_wconf 89' lang='lat' dir='ltr'>quo</span> 
     </span>
     <span class='ocr_line' id='line_1_26' title="bbox 148 2008 1837 2067; baseline -0.002 -12"><span class='ocrx_word' id='word_1_199' title='bbox 148 2011 403 2055; x_wconf 83' lang='lat' dir='ltr'>necessitas</span> <span class='ocrx_word' id='word_1_200' title='bbox 447 2010 651 2067; x_wconf 82' lang='lat' dir='ltr'>coegerit</span> <span class='ocrx_word' id='word_1_201' title='bbox 691 2010 747 2053; x_wconf 90' lang='lat' dir='ltr'>de</span> <span class='ocrx_word' id='word_1_202' title='bbox 797 2009 868 2066; x_wconf 86' lang='lat' dir='ltr'>ips</span> <span class='ocrx_word' id='word_1_203' title='bbox 871 2009 911 2052; x_wconf 88' lang='lat' dir='ltr'>is</span> <span class='ocrx_word' id='word_1_204' title='bbox 957 2009 1212 2066; x_wconf 71' lang='lat' dir='ltr'>typoribus</span> <span class='ocrx_word' id='word_1_205' title='bbox 1257 2010 1333 2054; x_wconf 87' lang='lat' dir='ltr'>vel</span> <span class='ocrx_word' id='word_1_206' title='bbox 1374 2010 1431 2053; x_wconf 89' lang='lat' dir='ltr'>de</span> <span class='ocrx_word' id='word_1_207' title='bbox 1473 2008 1592 2053; x_wconf 92' lang='grc'>00110</span> <span class='ocrx_word' id='word_1_208' title='bbox 1642 2008 1707 2052; x_wconf 90' lang='grc'>013</span> <span class='ocrx_word' id='word_1_209' title='bbox 1754 2023 1837 2065; x_wconf 87' lang='lat' dir='ltr'>per</span> 
     </span>
     <span class='ocr_line' id='line_1_27' title="bbox 150 2068 1835 2126; baseline -0.002 -12"><span class='ocrx_word' id='word_1_210' title='bbox 150 2071 451 2114; x_wconf 88' lang='lat' dir='ltr'>flebotomum</span> <span class='ocrx_word' id='word_1_211' title='bbox 482 2068 757 2125; x_wconf 87' lang='lat' dir='ltr'>sanguinem</span> <span class='ocrx_word' id='word_1_212' title='bbox 788 2068 1134 2124; x_wconf 85' lang='lat' dir='ltr'>det(ra)hamus.</span> <span class='ocrx_word' id='word_1_213' title='bbox 1170 2068 1339 2126; x_wconf 89' lang='lat' dir='ltr'>[Igitur</span> <span class='ocrx_word' id='word_1_214' title='bbox 1364 2104 1373 2114; x_wconf 86' lang='lat'><strong>.</strong></span> <span class='ocrx_word' id='word_1_215' title='bbox 1394 2105 1431 2113; x_wconf 90' lang='lat'>..</span> <span class='ocrx_word' id='word_1_216' title='bbox 1627 2073 1652 2110; x_wconf 90' lang='grc'><em>3</em></span> <span class='ocrx_word' id='word_1_217' title='bbox 1685 2069 1738 2110; x_wconf 92' lang='lat' dir='ltr'>ut</span> <span class='ocrx_word' id='word_1_218' title='bbox 1768 2069 1835 2111; x_wconf 85' lang='lat' dir='ltr'>B:</span> 
     </span>
     <span class='ocr_line' id='line_1_28' title="bbox 151 2126 1837 2186; baseline -0.002 -13"><span class='ocrx_word' id='word_1_219' title='bbox 151 2144 235 2174; x_wconf 86' lang='lat' dir='ltr'>om.</span> <span class='ocrx_word' id='word_1_220' title='bbox 267 2144 327 2186; x_wconf 66' lang='lat'>⁹⁴9</span> <span class='ocrx_word' id='word_1_221' title='bbox 342 2129 451 2173; x_wconf 80' lang='lat' dir='ltr'>Gar.</span> <span class='ocrx_word' id='word_1_222' title='bbox 634 2127 887 2182; x_wconf 88' lang='lat' dir='ltr'>aliquando</span> <span class='ocrx_word' id='word_1_223' title='bbox 920 2127 976 2170; x_wconf 90' lang='lat' dir='ltr'>de</span> <span class='ocrx_word' id='word_1_224' title='bbox 1009 2127 1098 2184; x_wconf 78' lang='lat' dir='ltr'>(fr.)</span> <span class='ocrx_word' id='word_1_225' title='bbox 1129 2143 1157 2184; x_wconf 92' lang='lat'><em>9</em></span> <span class='ocrx_word' id='word_1_226' title='bbox 1179 2129 1311 2173; x_wconf 58' lang='lat' dir='ltr'>Gaia:</span> <span class='ocrx_word' id='word_1_227' title='bbox 1345 2127 1421 2172; x_wconf 88' lang='lat' dir='ltr'>vel</span> <span class='ocrx_word' id='word_1_228' title='bbox 1446 2127 1502 2170; x_wconf 90' lang='lat' dir='ltr'>de</span> <span class='ocrx_word' id='word_1_229' title='bbox 1536 2127 1628 2183; x_wconf 90' lang='lat' dir='ltr'>(fr.)</span> <span class='ocrx_word' id='word_1_230' title='bbox 1662 2128 1727 2179; x_wconf 93' lang='grc' dir='ltr'>Β,</span> <span class='ocrx_word' id='word_1_231' title='bbox 1760 2126 1837 2170; x_wconf 85' lang='lat' dir='ltr'>vel</span> 
     </span>
     <span class='ocr_line' id='line_1_29' title="bbox 153 2185 1837 2244; baseline -0.001 -15"><span class='ocrx_word' id='word_1_232' title='bbox 153 2187 292 2244; x_wconf 85' lang='lat' dir='ltr'>(frig.)</span> <span class='ocrx_word' id='word_1_233' title='bbox 323 2202 359 2231; x_wconf 77' lang='lat' dir='ltr'>r.</span> <span class='ocrx_word' id='word_1_234' title='bbox 512 2191 540 2229; x_wconf 88' lang='lat'>4</span> <span class='ocrx_word' id='word_1_235' title='bbox 570 2185 644 2230; x_wconf 88' lang='lat' dir='ltr'>vel</span> <span class='ocrx_word' id='word_1_236' title='bbox 677 2186 733 2229; x_wconf 87' lang='lat' dir='ltr'>de</span> <span class='ocrx_word' id='word_1_237' title='bbox 765 2188 886 2242; x_wconf 86' lang='lat' dir='ltr'>(cet.)</span> <span class='ocrx_word' id='word_1_238' title='bbox 918 2201 997 2242; x_wconf 80' lang='lat' dir='ltr'>r9:</span> <span class='ocrx_word' id='word_1_239' title='bbox 1030 2186 1106 2230; x_wconf 88' lang='lat' dir='ltr'>vel</span> <span class='ocrx_word' id='word_1_240' title='bbox 1138 2188 1259 2243; x_wconf 88' lang='lat' dir='ltr'>(cet.)</span> <span class='ocrx_word' id='word_1_241' title='bbox 1292 2188 1349 2231; x_wconf 94' lang='grc' dir='ltr'>Β.</span> <span class='ocrx_word' id='word_1_242' title='bbox 1494 2185 1746 2229; x_wconf 86' lang='lat' dir='ltr'>videantur</span> <span class='ocrx_word' id='word_1_243' title='bbox 1778 2186 1837 2239; x_wconf 93' lang='grc' dir='ltr'>Β,</span> 
     </span>
     <span class='ocr_line' id='line_1_30' title="bbox 159 2243 1836 2302; baseline -0.001 -14"><span class='ocrx_word' id='word_1_244' title='bbox 159 2246 381 2289; x_wconf 86' lang='lat' dir='ltr'>—dentur</span> <span class='ocrx_word' id='word_1_245' title='bbox 411 2260 484 2302; x_wconf 74' lang='lat' dir='ltr'>r9.</span> <span class='ocrx_word' id='word_1_246' title='bbox 577 2249 602 2287; x_wconf 86' lang='lat'>5</span> <span class='ocrx_word' id='word_1_247' title='bbox 635 2244 860 2288; x_wconf 87' lang='lat' dir='ltr'>insederit</span> <span class='ocrx_word' id='word_1_248' title='bbox 889 2243 990 2289; x_wconf 75' lang='lat' dir='ltr'>Bb:</span> <span class='ocrx_word' id='word_1_249' title='bbox 1023 2245 1263 2288; x_wconf 88' lang='lat' dir='ltr'>emerserit</span> <span class='ocrx_word' id='word_1_250' title='bbox 1285 2261 1322 2301; x_wconf 81' lang='lat' dir='ltr'>r,</span> <span class='ocrx_word' id='word_1_251' title='bbox 1354 2244 1497 2289; x_wconf 86' lang='lat' dir='ltr'>fuerit</span> <span class='ocrx_word' id='word_1_252' title='bbox 1519 2260 1559 2302; x_wconf 89' lang='lat'>9.</span> <span class='ocrx_word' id='word_1_253' title='bbox 1655 2249 1680 2287; x_wconf 83' lang='lat'>6</span> <span class='ocrx_word' id='word_1_254' title='bbox 1707 2257 1836 2287; x_wconf 88' lang='lat' dir='ltr'>acce-</span> 
     </span>
     <span class='ocr_line' id='line_1_31' title="bbox 154 2303 1838 2361; baseline -0.001 -13"><span class='ocrx_word' id='word_1_255' title='bbox 154 2304 188 2360; x_wconf 86' lang='lat' dir='ltr'>(i</span> <span class='ocrx_word' id='word_1_256' title='bbox 211 2304 402 2360; x_wconf 70' lang='lat' dir='ltr'>rb)dens</span> <span class='ocrx_word' id='word_1_257' title='bbox 442 2303 522 2347; x_wconf 87' lang='lat' dir='ltr'>ille</span> <span class='ocrx_word' id='word_1_258' title='bbox 563 2303 694 2347; x_wconf 91' lang='lat' dir='ltr'>dolor</span> <span class='ocrx_word' id='word_1_259' title='bbox 732 2304 866 2359; x_wconf 81' lang='lat' dir='ltr'>Brb,</span> <span class='ocrx_word' id='word_1_260' title='bbox 914 2303 1106 2347; x_wconf 89' lang='lat' dir='ltr'>accedet</span> <span class='ocrx_word' id='word_1_261' title='bbox 1151 2303 1233 2347; x_wconf 88' lang='lat' dir='ltr'>ille</span> <span class='ocrx_word' id='word_1_262' title='bbox 1273 2304 1405 2348; x_wconf 90' lang='lat' dir='ltr'>dolor</span> <span class='ocrx_word' id='word_1_263' title='bbox 1442 2319 1482 2361; x_wconf 88' lang='lat'>9.</span> <span class='ocrx_word' id='word_1_264' title='bbox 1664 2315 1838 2358; x_wconf 87' lang='lat' dir='ltr'>vapore</span> 
     </span>
     <span class='ocr_line' id='line_1_32' title="bbox 152 2360 1839 2420; baseline -0.002 -13"><span class='ocrx_word' id='word_1_265' title='bbox 152 2364 223 2407; x_wconf 59' lang='grc' dir='ltr'>ΥΒ</span> <span class='ocrx_word' id='word_1_266' title='bbox 235 2364 259 2407; x_wconf 92' lang='lat' dir='ltr'><strong><em>b</em></strong></span> <span class='ocrx_word' id='word_1_267' title='bbox 268 2378 296 2420; x_wconf 91' lang='lat'><em>9</em></span> <span class='ocrx_word' id='word_1_268' title='bbox 316 2364 426 2408; x_wconf 75' lang='lat' dir='ltr'>Gar.</span> <span class='ocrx_word' id='word_1_269' title='bbox 460 2362 591 2419; x_wconf 78' lang='grc' dir='ltr'>(μετὰ</span> <span class='ocrx_word' id='word_1_270' title='bbox 621 2362 865 2417; x_wconf 83' lang='grc' dir='ltr'><strong><em>πυρώδους</em></strong></span> <span class='ocrx_word' id='word_1_271' title='bbox 896 2361 1158 2416; x_wconf 82' lang='grc' dir='ltr'><em>αἰσθήσεως</em></span> <span class='ocrx_word' id='word_1_272' title='bbox 1180 2365 1277 2420; x_wconf 60' lang='lat' dir='ltr'>yon).</span> <span class='ocrx_word' id='word_1_273' title='bbox 1400 2368 1423 2406; x_wconf 83' lang='lat'><strong>7</strong></span> <span class='ocrx_word' id='word_1_274' title='bbox 1459 2360 1742 2406; x_wconf 88' lang='lat' dir='ltr'>concutitur:</span> <span class='ocrx_word' id='word_1_275' title='bbox 1774 2362 1839 2405; x_wconf 81' lang='lat' dir='ltr'>sic</span> 
     </span>
     <span class='ocr_line' id='line_1_33' title="bbox 155 2419 1837 2479; baseline -0.002 -14"><span class='ocrx_word' id='word_1_276' title='bbox 155 2423 262 2466; x_wconf 79' lang='lat' dir='ltr'><strong><em>er</em></strong></span> <span class='ocrx_word' id='word_1_277' title='bbox 271 2437 313 2479; x_wconf 90' lang='lat'>9,</span> <span class='ocrx_word' id='word_1_278' title='bbox 340 2423 476 2465; x_wconf 79' lang='lat' dir='ltr'>ctiam</span> <span class='ocrx_word' id='word_1_279' title='bbox 503 2422 612 2466; x_wconf 75' lang='lat' dir='ltr'>Gar.</span> <span class='ocrx_word' id='word_1_280' title='bbox 638 2422 749 2476; x_wconf 80' lang='lat' dir='ltr'>(scil.</span> <span class='ocrx_word' id='word_1_281' title='bbox 783 2422 952 2477; x_wconf 87' lang='lat' dir='ltr'>caput).</span> <span class='ocrx_word' id='word_1_282' title='bbox 982 2427 1086 2465; x_wconf 72' lang='lat' dir='ltr'>ante</span> <span class='ocrx_word' id='word_1_283' title='bbox 1116 2424 1229 2464; x_wconf 89' lang='lat' dir='ltr'>tunc</span> <span class='ocrx_word' id='word_1_284' title='bbox 1253 2423 1357 2466; x_wconf 81' lang='lat' dir='ltr'>add.</span> <span class='ocrx_word' id='word_1_285' title='bbox 1383 2436 1431 2478; x_wconf 89' lang='lat'>9:</span> <span class='ocrx_word' id='word_1_286' title='bbox 1467 2420 1601 2473; x_wconf 79' lang='lat' dir='ltr'>Quod</span> <span class='ocrx_word' id='word_1_287' title='bbox 1633 2419 1673 2463; x_wconf 89' lang='lat' dir='ltr'>si</span> <span class='ocrx_word' id='word_1_288' title='bbox 1702 2419 1837 2463; x_wconf 89' lang='lat' dir='ltr'>fortis</span> 
     </span>
     <span class='ocr_line' id='line_1_34' title="bbox 155 2479 1717 2536; baseline -0.001 -13"><span class='ocrx_word' id='word_1_289' title='bbox 155 2480 287 2524; x_wconf 87' lang='lat' dir='ltr'>dolor</span> <span class='ocrx_word' id='word_1_290' title='bbox 318 2479 471 2524; x_wconf 87' lang='lat' dir='ltr'>fuerit.</span> <span class='ocrx_word' id='word_1_291' title='bbox 625 2483 755 2535; x_wconf 84' lang='lat' dir='ltr'>9-p.</span> <span class='ocrx_word' id='word_1_292' title='bbox 784 2483 881 2535; x_wconf 82' lang='lat'>140,</span> <span class='ocrx_word' id='word_1_293' title='bbox 914 2486 939 2523; x_wconf 86' lang='lat'>5</span> <span class='ocrx_word' id='word_1_294' title='bbox 966 2501 1021 2516; x_wconf 93' lang='lat'>=</span> <span class='ocrx_word' id='word_1_295' title='bbox 1047 2481 1122 2524; x_wconf 79' lang='lat' dir='ltr'>Ps.</span> <span class='ocrx_word' id='word_1_296' title='bbox 1152 2480 1255 2524; x_wconf 76' lang='lat' dir='ltr'>Gal.</span> <span class='ocrx_word' id='word_1_297' title='bbox 1289 2494 1387 2536; x_wconf 77' lang='lat' dir='ltr'>cup.</span> <span class='ocrx_word' id='word_1_298' title='bbox 1413 2481 1457 2534; x_wconf 88' lang='lat' dir='ltr'>I,</span> <span class='ocrx_word' id='word_1_299' title='bbox 1487 2483 1513 2523; x_wconf 87' lang='lat'><strong><em>1</em></strong></span> <span class='ocrx_word' id='word_1_300' title='bbox 1541 2494 1590 2535; x_wconf 74' lang='lat' dir='ltr'>p.</span> <span class='ocrx_word' id='word_1_301' title='bbox 1618 2482 1717 2522; x_wconf 86' lang='lat'><strong><em>315.</em></strong></span> 
     </span>
    </p>

    <p class='ocr_par' dir='ltr' id='par_1_8' title="bbox 150 2537 1841 2787">
     <span class='ocr_line' id='line_1_35' title="bbox 157 2537 1840 2595; baseline -0.001 -13"><span class='ocrx_word' id='word_1_302' title='bbox 157 2544 183 2582; x_wconf 84' lang='grc'><strong>9</strong></span> <span class='ocrx_word' id='word_1_303' title='bbox 216 2553 336 2595; x_wconf 88' lang='lat' dir='ltr'>quae</span> <span class='ocrx_word' id='word_1_304' title='bbox 367 2540 465 2583; x_wconf 78' lang='lat' dir='ltr'>rB:</span> <span class='ocrx_word' id='word_1_305' title='bbox 500 2537 624 2594; x_wconf 88' lang='lat' dir='ltr'>quod</span> <span class='ocrx_word' id='word_1_306' title='bbox 656 2539 731 2595; x_wconf 85' lang='lat' dir='ltr'>b9.</span> <span class='ocrx_word' id='word_1_307' title='bbox 827 2542 880 2580; x_wconf 88' lang='grc'>10</span> <span class='ocrx_word' id='word_1_308' title='bbox 912 2537 1066 2581; x_wconf 89' lang='lat' dir='ltr'>minus</span> <span class='ocrx_word' id='word_1_309' title='bbox 1099 2554 1143 2583; x_wconf 77' lang='lat' dir='ltr'>r:</span> <span class='ocrx_word' id='word_1_310' title='bbox 1177 2553 1261 2583; x_wconf 88' lang='lat' dir='ltr'>om.</span> <span class='ocrx_word' id='word_1_311' title='bbox 1293 2539 1352 2592; x_wconf 92' lang='grc' dir='ltr'>Β,</span> <span class='ocrx_word' id='word_1_312' title='bbox 1378 2552 1472 2581; x_wconf 87' lang='grc'>11011</span> <span class='ocrx_word' id='word_1_313' title='bbox 1497 2543 1602 2594; x_wconf 75' lang='lat' dir='ltr'>post</span> <span class='ocrx_word' id='word_1_314' title='bbox 1633 2537 1840 2581; x_wconf 90' lang='lat' dir='ltr'>dolorem</span> 
     </span>
     <span class='ocr_line' id='line_1_36' title="bbox 154 2595 1837 2655; baseline -0.001 -13"><span class='ocrx_word' id='word_1_315' title='bbox 154 2599 260 2642; x_wconf 80' lang='lat' dir='ltr'>add.</span> <span class='ocrx_word' id='word_1_316' title='bbox 293 2599 356 2655; x_wconf 89' lang='lat' dir='ltr'>9b</span> <span class='ocrx_word' id='word_1_317' title='bbox 381 2598 549 2654; x_wconf 63' lang='lat' dir='ltr'>(Nea).</span> <span class='ocrx_word' id='word_1_318' title='bbox 758 2601 808 2639; x_wconf 89' lang='lat'>11</span> <span class='ocrx_word' id='word_1_319' title='bbox 837 2595 1095 2653; x_wconf 85' lang='lat' dir='ltr'>gremialis:</span> <span class='ocrx_word' id='word_1_320' title='bbox 1130 2597 1395 2653; x_wconf 79' lang='grc' dir='ltr'><strong><em>ὀμφακίνου</em></strong></span> <span class='ocrx_word' id='word_1_321' title='bbox 1427 2598 1504 2642; x_wconf 87' lang='grc' dir='ltr'>Ρ3</span> <span class='ocrx_word' id='word_1_322' title='bbox 1534 2596 1587 2640; x_wconf 75' lang='lat' dir='ltr'>G.</span> <span class='ocrx_word' id='word_1_323' title='bbox 1607 2597 1681 2652; x_wconf 80' lang='lat' dir='ltr'>(cf.</span> <span class='ocrx_word' id='word_1_324' title='bbox 1717 2596 1837 2641; x_wconf 77' lang='lat' dir='ltr'>Cass.</span> 
     </span>
     <span class='ocr_line' id='line_1_37' title="bbox 150 2669 1841 2736; baseline -0.001 -22"><span class='ocrx_word' id='word_1_325' title='bbox 150 2685 199 2727; x_wconf 77' lang='lat' dir='ltr'>p</span> <span class='ocrx_word' id='word_1_326' title='bbox 225 2674 346 2725; x_wconf 83' lang='lat'><strong><em>4,11</em></strong></span> <span class='ocrx_word' id='word_1_327' title='bbox 379 2673 474 2727; x_wconf 84' lang='lat' dir='ltr'>etc)</span> <span class='ocrx_word' id='word_1_328' title='bbox 568 2669 825 2736; x_wconf 86' lang='lat' dir='ltr'>supradicti</span> <span class='ocrx_word' id='word_1_329' title='bbox 849 2672 920 2715; x_wconf 89' lang='grc' dir='ltr'>Β·</span> <span class='ocrx_word' id='word_1_330' title='bbox 954 2670 995 2713; x_wconf 83' lang='lat' dir='ltr'>fs</span> <span class='ocrx_word' id='word_1_331' title='bbox 1011 2670 1351 2727; x_wconf 88' lang='lat' dir='ltr'>(suprascripti)</span> <span class='ocrx_word' id='word_1_332' title='bbox 1377 2671 1402 2715; x_wconf 89' lang='lat' dir='ltr'><strong><em>b</em></strong></span> <span class='ocrx_word' id='word_1_333' title='bbox 1426 2672 1500 2727; x_wconf 88' lang='grc'>(9).</span> <span class='ocrx_word' id='word_1_334' title='bbox 1632 2674 1685 2713; x_wconf 81' lang='grc'>12</span> <span class='ocrx_word' id='word_1_335' title='bbox 1717 2669 1841 2714; x_wconf 90' lang='lat' dir='ltr'>rosei</span> 
     </span>
     <span class='ocr_line' id='line_1_38' title="bbox 156 2727 1778 2787; baseline 0.002 -16"><span class='ocrx_word' id='word_1_336' title='bbox 156 2742 250 2772; x_wconf 90' lang='lat' dir='ltr'>una</span> <span class='ocrx_word' id='word_1_337' title='bbox 281 2728 371 2773; x_wconf 88' lang='lat' dir='ltr'>erit</span> <span class='ocrx_word' id='word_1_338' title='bbox 400 2744 437 2785; x_wconf 79' lang='lat' dir='ltr'>r,</span> <span class='ocrx_word' id='word_1_339' title='bbox 470 2742 604 2773; x_wconf 87' lang='lat' dir='ltr'>rosea</span> <span class='ocrx_word' id='word_1_340' title='bbox 634 2743 728 2772; x_wconf 89' lang='lat' dir='ltr'>una</span> <span class='ocrx_word' id='word_1_341' title='bbox 759 2727 847 2773; x_wconf 89' lang='lat' dir='ltr'>erit</span> <span class='ocrx_word' id='word_1_342' title='bbox 864 2730 921 2784; x_wconf 91' lang='lat' dir='ltr'>B,</span> <span class='ocrx_word' id='word_1_343' title='bbox 954 2728 1092 2772; x_wconf 88' lang='lat' dir='ltr'>huius</span> <span class='ocrx_word' id='word_1_344' title='bbox 1124 2743 1227 2787; x_wconf 63' lang='lat' dir='ltr'>rose</span> <span class='ocrx_word' id='word_1_345' title='bbox 1251 2728 1457 2786; x_wconf 88' lang='lat' dir='ltr'>iungerit</span> <span class='ocrx_word' id='word_1_346' title='bbox 1479 2743 1508 2787; x_wconf 91' lang='lat'><em>9</em></span> <span class='ocrx_word' id='word_1_347' title='bbox 1533 2729 1605 2784; x_wconf 81' lang='lat' dir='ltr'>(cf.</span> <span class='ocrx_word' id='word_1_348' title='bbox 1636 2730 1778 2786; x_wconf 79' lang='lat' dir='ltr'>Gar..)</span> 
     </span>
    </p>

    <p class='ocr_par' dir='ltr' id='par_1_9' title="bbox 158 2786 1838 2848">
     <span class='ocr_line' id='line_1_39' title="bbox 158 2786 1838 2848; baseline 0.001 -17"><span class='ocrx_word' id='word_1_349' title='bbox 158 2789 206 2831; x_wconf 91' lang='lat' dir='ltr'>et</span> <span class='ocrx_word' id='word_1_350' title='bbox 230 2786 353 2832; x_wconf 88' lang='lat' dir='ltr'>aceti</span> <span class='ocrx_word' id='word_1_351' title='bbox 376 2802 470 2831; x_wconf 91' lang='lat' dir='ltr'>una</span> <span class='ocrx_word' id='word_1_352' title='bbox 494 2787 810 2832; x_wconf 86' lang='lat' dir='ltr'>ammiscenda</span> <span class='ocrx_word' id='word_1_353' title='bbox 833 2802 878 2832; x_wconf 74' lang='lat' dir='ltr'>r·</span> <span class='ocrx_word' id='word_1_354' title='bbox 913 2787 1033 2832; x_wconf 89' lang='lat' dir='ltr'>aceti</span> <span class='ocrx_word' id='word_1_355' title='bbox 1055 2803 1084 2846; x_wconf 88' lang='lat'><em>9</em></span> <span class='ocrx_word' id='word_1_356' title='bbox 1101 2790 1252 2848; x_wconf 71' lang='lat' dir='ltr'>(aceto</span> <span class='ocrx_word' id='word_1_357' title='bbox 1269 2789 1330 2846; x_wconf 92' lang='grc' dir='ltr'>Β)</span> <span class='ocrx_word' id='word_1_358' title='bbox 1353 2787 1593 2832; x_wconf 85' lang='lat' dir='ltr'>miscenda</span> <span class='ocrx_word' id='word_1_359' title='bbox 1615 2789 1709 2846; x_wconf 88' lang='lat' dir='ltr'>9B.</span> <span class='ocrx_word' id='word_1_360' title='bbox 1735 2790 1792 2844; x_wconf 80' lang='lat' dir='ltr'>cf.</span> <span class='ocrx_word' id='word_1_361' title='bbox 1814 2791 1838 2833; x_wconf 92' lang='lat' dir='ltr'><strong><em>b</em></strong></span> 
     </span>
    </p>
   </div>
   <div class='ocr_carea' id='block_1_6' title="bbox 158 2860 1842 2976">
    <p class='ocr_par' dir='ltr' id='par_1_10' title="bbox 158 2860 1842 2976">
     <span class='ocr_line' id='line_1_40' title="bbox 158 2860 1842 2928; baseline 0.001 -24"><span class='ocrx_word' id='word_1_362' title='bbox 158 2862 241 2904; x_wconf 87' lang='lat' dir='ltr'>aut</span> <span class='ocrx_word' id='word_1_363' title='bbox 260 2862 302 2905; x_wconf 82' lang='lat' dir='ltr'>ss</span> <span class='ocrx_word' id='word_1_364' title='bbox 323 2860 623 2928; x_wconf 79' lang='lat' dir='ltr'>gremialisp</span> <span class='ocrx_word' id='word_1_365' title='bbox 627 2863 763 2908; x_wconf 89' lang='lat' dir='ltr'>artes.</span> <span class='ocrx_word' id='word_1_366' title='bbox 798 2861 897 2906; x_wconf 89' lang='lat' dir='ltr'>IIII.</span> <span class='ocrx_word' id='word_1_367' title='bbox 930 2863 978 2906; x_wconf 88' lang='lat' dir='ltr'>et</span> <span class='ocrx_word' id='word_1_368' title='bbox 1007 2861 1142 2907; x_wconf 89' lang='lat' dir='ltr'>rosei.</span> <span class='ocrx_word' id='word_1_369' title='bbox 1174 2862 1207 2906; x_wconf 93' lang='lat' dir='ltr'>I.</span> <span class='ocrx_word' id='word_1_370' title='bbox 1242 2863 1289 2906; x_wconf 90' lang='lat' dir='ltr'>et</span> <span class='ocrx_word' id='word_1_371' title='bbox 1319 2861 1441 2906; x_wconf 89' lang='lat' dir='ltr'>aceti</span> <span class='ocrx_word' id='word_1_372' title='bbox 1472 2866 1505 2908; x_wconf 89' lang='grc' dir='ltr'>Ι.</span> <span class='ocrx_word' id='word_1_373' title='bbox 1539 2862 1842 2907; x_wconf 83' lang='lat' dir='ltr'>commixtum</span> 
     </span>
     <span class='ocr_line' id='line_1_41' title="bbox 161 2917 639 2976; baseline 0.004 -14"><span class='ocrx_word' id='word_1_374' title='bbox 161 2917 308 2976; x_wconf 89' lang='lat' dir='ltr'>capiti</span> <span class='ocrx_word' id='word_1_375' title='bbox 338 2919 639 2965; x_wconf 87' lang='lat' dir='ltr'>infundimus.</span> 
     </span>
    </p>
   </div>
  </div>
 </body>
</html>
