1988 3184
201 158 313 212 476

201 294 339 337 netur
368 291 665 336 membranis.
699 291 760 335 ab
791 304 888 335 una
917 292 1053 347 parte
1082 289 1254 348 planus
1287 292 1360 335 est
1389 289 1516 335 latus
1549 290 1797 350 contingit,
1829 292 1900 338 ab}

203 358 354 402 altera
382 356 641 402 visceribus
673 356 886 414 adherit,
917 357 1119 413 ideoque
1150 359 1205 401 ut
1235 356 1338 401 fieri
1370 356 1512 415 solet,
1550 357 1790 415 peculiare
1820 358 1960 419 111-’

199 424 521 481 pedimentum
552 423 869 480 currentibus,
904 426 959 468 ut
998 437 1104 468 cum
1147 425 1306 467 tumor
1350 422 1434 468 ille
1481 423 1654 480 aliquis
1700 424 1896 482 inhesit,

200 490 522 534 acervissimos
570 490 754 535 dolores
808 490 956 535 totius
1009 489 1160 547 partis
1215 489 1422 546 corporis
1480 490 1765 536 sinistriores
1813 505 1893 536 ex·
1947 537 1964 554 .-

155 569 176 602 5
198 559 358 601 tensus
403 557 759 613 proximietates
799 556 964 614 efficit,
1008 571 1094 601 nec
1133 556 1274 601 facile
1320 556 1637 602 inbecillitate
1675 557 1892 603 remittit.
1965 560 1969 562 ’

198 623 421 679 quoniam
465 624 566 681 ipse
613 624 748 681 fungi
788 624 846 668 de
884 623 1095 668 materiae
1136 625 1184 668 et
1227 623 1438 668 nervosis
1486 624 1752 670 continetur
1788 624 1893 670 vin-
1966 668 1970 675 ,

197 689 326 734 culis.
359 690 567 734 traditur
598 705 627 735 a
659 690 1007 747 quibusdam
1040 689 1193 747 spleni
1223 689 1415 734 renibus
1448 690 1682 736 deservire
1715 693 1764 736 et
1788 704 1890 735 esse
1963 728 1967 754 3

196 755 457 813 augelotus‚
490 756 660 812 quibus
693 758 853 801 autem
890 758 1077 800 mortua
1114 770 1224 813 pars
1265 755 1440 813 splenis
1480 757 1543 802 sit
1575 760 1658 802 aut
1689 751 1889 815 exemta,
1964 759 1973 762 ’

192 822 344 867 ridere
374 837 511 880 posse
541 825 786 881 negantur.

126 960 170 991 10
750 942 870 986 XXI.
903 942 980 986 De
1011 942 1328 998 precordia.

311 1016 576 1073 Precordia,
610 1031 726 1072 quas
759 1016 888 1074 greci
918 1017 1075 1060 frenas
1099 1016 1176 1061 vel
1209 1017 1473 1074 diafragma
1503 1019 1690 1073 vocant,
1716 1019 1886 1061 ‘'exten-
1974 1067 1977 1069 ,

195 1081 322 1126 ditur
353 1083 596 1127 continens
628 1083 899 1139 pulmonem
931 1084 979 1127 et
1009 1083 1139 1127 ficati
1161 1083 1346 1141 pinnas.
1381 1083 1629 1129 subiacent
1658 1083 1814 1128 ventri
1838 1086 1887 1128 et
1942 1084 1980 1121 :²

191 1149 378 1206 testine,
412 1152 459 1193 et
491 1149 734 1193 continens
766 1149 920 1194 latera
952 1153 1000 1194 et
1032 1150 1180 1207 spina.
1212 1164 1336 1195 vena
1366 1152 1527 1195 autem
1550 1164 1711 1195 eorum
1738 1150 1886 1195 habet
1941 1164 1979 1192 ,α

193 1215 371 1259 crificia
405 1216 517 1272 duo,
550 1231 695 1260 unum
724 1216 938 1273 proximo
970 1217 1317 1274 membranum,
1358 1218 1485 1273 quod
1522 1216 1651 1274 greci
1691 1216 1886 1261 cardion
1974 1223 1975 1226 ’

123 1292 168 1324 15
191 1284 364 1326 vocant
394 1282 650 1327 inclinatur
680 1283 731 1327 in
763 1283 956 1328 sinistra
993 1286 1129 1341 parte
1163 1283 1359 1341 splenis,
1404 1284 1552 1328 alium
1588 1298 1698 1329 vero
1739 1283 1884 1341 epari.
1967 1289 1970 1296 ’

722 1403 865 1447 ΧΧΠ.
906 1403 981 1447 De
1013 1417 1345 1460 ypezocoos.

306 1475 575 1532 Ypezocoos
601 1479 673 1521 est
696 1478 1020 1521 membranum
1040 1478 1173 1522 velut
1194 1478 1413 1522 velamen
1427 1480 1599 1522 natura
1620 1492 1882 1535 nervorum,
1973 1533 1978 1540 η

188 1541 270 1596 qui
302 1545 547 1598 separatur
586 1557 700 1600 epar
731 1546 779 1588 et
817 1544 1087 1601 pulmonem
1126 1559 1154 1589 a
1192 1547 1355 1589 ventre
1386 1545 1638 1589 intestinas
1671 1545 1804 1602 splen
1835 1547 1886 1590 et
1976 1558 1988 1582 'J

188 1609 344 1652 cetera
377 1609 534 1653 omnia
566 1609 847 1655 intrinsecus
881 1611 1139 1656 continens.
1975 1614 1983 1626 ‘

305 1793 482 1838 Venter
514 1797 673 1840 autem
704 1797 898 1852 ponitur
927 1797 978 1840 in
1009 1797 1168 1841 media
1198 1796 1407 1841 iocinera
1439 1798 1525 1841 sub
1559 1797 1801 1841 stomacho
1835 1800 1885 1842 et
1972 1809 1988 1861 ’.ζ

185 1858 539 1906 tintinabulum.
575 1865 647 1906 est
670 1865 995 1907 membranum
1011 1878 1262 1908 nervosum
1279 1866 1326 1908 et
1349 1878 1564 1920 grossum
1590 1864 1880 1920 obvolutum,

184 1924 382 1969 interius
416 1941 646 1986 asperum,
679 1929 794 1973 foris
826 1929 993 1987 lenem,
1028 1929 1258 1974 orificium
1288 1930 1467 1975 habens
1499 1945 1664 1986 unum,
1705 1929 1787 1986 qui
1818 1930 1882 1974 ad

305 2078 327 2116 1
349 2075 549 2132 contigit
575 2077 671 2121 UG.
813 2083 838 2120 2
873 2078 1020 2122 coerit
1059 2078 1164 2123 UG.
1325 2079 1379 2121 ut
1413 2081 1538 2134 (post
1568 2076 1686 2134 fieri)
1719 2079 1787 2122 bis
1822 2077 1877 2122 G.

184 2130 296 2175 solit
327 2133 380 2178 P.
545 2135 899 2192 inp&imentum
931 2139 983 2181 P.
1165 2139 1219 2180 ut
1249 2152 1280 2180 u
1312 2136 1421 2193 (vel)
1454 2137 1508 2194 P,
1540 2139 1595 2181 ut
1626 2151 1731 2181 cum
1771 2136 1877 2182 UG.

183 2194 209 2232 3
241 2192 399 2234 tumur
429 2194 483 2250 P,
516 2195 657 2239 timor
696 2196 747 2252 U,
779 2198 935 2240 tumor
969 2197 1024 2241 G.
1169 2195 1312 2241 inerit
1351 2196 1455 2241 UG.
1577 2201 1606 2239 4
1635 2195 1789 2240 tocius
1822 2196 1876 2240 P.

299 2253 457 2306 partes
500 2254 604 2300 UG.
729 2255 1022 2300 sinestriores
1056 2257 1110 2301 P.
1250 2260 1276 2299 5
1308 2255 1665 2323 proximietates
1701 2255 1755 2300 G.

182 2307 336 2353 effecit
368 2311 421 2356 Ρ
605 2320 630 2358 6
663 2314 821 2371 fungit
849 2315 903 2360 G.
1085 2315 1283 2360 materie
1325 2316 1376 2372 U,
1410 2330 1538 2373 -r1e
1574 2315 1628 2360 G.
1768 2328 1877 2359 6011-

179 2369 366 2411 tenetur
398 2370 459 2416 Ρ·
493 2372 704 2417 continet
744 2375 849 2419 UG.
945 2381 971 2419 8
1004 2375 1243 2431 augilotus
1270 2374 1364 2419 UG
1380 2376 1453 2431 (sc.
1488 2374 1747 2431 ἀγελώτους
1771 2373 1876 2430 qui-

180 2425 267 2469 bus
303 2430 412 2473 aut.
463 2433 506 2487 .>.
609 2437 634 2475 8
668 2433 842 2489 splenis
877 2435 935 2478 U:
968 2434 1120 2490 plenis
1154 2435 1209 2489 P,
1243 2433 1394 2491 spleni
1431 2433 1485 2478 G.
1610 2433 1786 2477 eximta
1818 2433 1873 2478 P.
1951 2443 1963 2474 ·.

301 2467 451 2532 sidere
493 2490 597 2535 UG.
753 2497 806 2535 11
842 2493 1101 2537 diafracma
1134 2493 1244 2538 PU.
1400 2498 1455 2536 12
1486 2492 1731 2549 pulmones
1772 2492 1872 2537 UG.
1957 2495 1962 2532 ἱ

298 2544 433 2601 figati
466 2549 744 2594 subiaceant
779 2552 833 2596 G.
958 2557 1013 2595 13
1048 2552 1225 2596 cestine
1266 2552 1373 2597 UG.
1487 2565 1609 2596 vena
1639 2553 1705 2596 sic
1735 2551 1875 2597 PUG
1958 2565 1964 2573 ·

183 2619 322 2669 (unde
352 2623 480 2685 apud
519 2623 653 2667 Vind.
680 2627 741 2668 12
770 2627 887 2670 male
916 2628 1110 2683 venter).
1241 2617 1336 2670 hal—³
1370 2626 1431 2671 Ρ.
1463 2625 1644 2670 habent
1683 2624 1776 2670 UG
1801 2661 1811 2670 .

181 2680 235 2717 14
265 2683 479 2743 prox-imi]
507 2680 561 2725 G.
683 2682 998 2727 mimbranum
1033 2687 1088 2729 P.
1187 2685 1316 2745 greci
1344 2685 1398 2730 G.
1493 2689 1548 2727 15
1582 2684 1790 2728 sinextra
1814 2684 1870 2729 P.

181 2737 234 2775 16
266 2733 334 2777 De
366 2750 609 2791 1pezocoos
639 2741 692 2785 G.
792 2747 846 2786 17
864 2757 1114 2787 nervorum
1133 2747 1234 2800 (sic)
1254 2758 1416 2789 omne&
1511 2748 1566 2788 18
1583 2743 1707 2787 inter
1722 2745 1871 2800 (epar)

178 2791 283 2858 add:
311 2793 407 2859 UG.
531 2798 689 2853 splene
716 2801 821 2846 UG.
947 2806 1002 2845 19
1036 2817 1125 2858 que
1158 2803 1477 2860 (intrinsecus)
1509 2804 1582 2849 est
1611 2804 1717 2848 add.
1759 2806 1805 2850 U
1827 2812 1890 2852 et·
1935 2809 1942 2850 i

178 2849 274 2902 (uba
305 2854 402 2907 qul)
438 2854 493 2898 G.
617 2862 671 2900 19
705 2862 957 2904 contenens
991 2861 1046 2906 P.
1200 2868 1254 2906 21
1288 2864 1464 2908 Ventre
1500 2865 1555 2910 G.
1678 2865 1727 2908 et
1756 2864 1869 2910 inti·
1931 2875 1934 2883 ²

176 2906 405 2951 nabulum
438 2911 491 2955 G.
649 2920 704 2958 22
738 2919 786 2960 et
815 2918 1030 2963 volutum
1069 2922 1174 2967 UG.
1328 2928 1384 2966 23
1418 2924 1658 2968 oreficium
1687 2925 1743 2980 P,
1775 2923 1871 2969 ori-
1935 2928 1943 2932 ’

177 2963 316 3008 ficum
350 2967 404 3011 G.
526 2970 672 3018 habet
711 2976 820 3021 UG.
943 2978 1005 3021 ad
1034 2981 1101 3025 sic
1134 2982 1240 3037 (pro
1272 2981 1333 3025 ab
1367 2983 1640 3038 stomacho).
1851 2998 1855 3001 ’
1930 2980 1931 2986 ’

1974 1568 1988 1613 1

120 1742 164 1773 20
773 1730 938 1775 xxm.
971 1730 1048 1774 De
1080 1732 1292 1775 ventre.
1971 1633 1988 1807 Ξ
