1988 3184
0 2047 10 2412 -2—ss—w—v—v--4
6 2016 9 2017 ,
5 1986 10 1988 .

0 2615 9 2648 nn*
0 2497 9 2608 *vv-›wer-
0 2461 6 2492 -«
0 2427 5 2456 v-

677 104 943 148 EPrroME
972 105 1222 149 ALTERA.
1686 102 1795 156 481

114 235 178 280 ab
209 234 336 279 intus
368 234 558 279 sinuosa
587 236 637 280 et
668 249 834 292 aspera
865 237 938 280 est
967 237 1021 280 ut
1049 235 1201 293 possit
1232 249 1390 280 semen
1421 234 1673 282 continere.
1709 235 1798 281 hec
1860 229 1864 233 ”

116 300 275 346 omnia
303 301 575 346 membrano
612 303 924 359 proteguntur
958 301 1256 359 tenuissimO,
1296 302 1423 358 quod
1459 301 1588 359 greci
1626 301 1801 347 dicitur

115 367 443 424 peritominon.
487 367 684 412 Omnia
716 367 953 413 crificia
992 368 1248 425 corporis
1277 367 1464 412 nostri
1497 367 1798 425 explorata

114 435 257 478 sunt

599 638 807 683 XXXIII.
840 639 916 683 De
949 640 1303 696 spatonibus.
1845 653 1867 686 5

233 711 385 765 Quare
419 712 694 768 spatonibus
720 712 883 769 capilli
907 713 958 756 in
981 713 1265 770 quibusdam
1294 712 1410 757 locis
1438 727 1532 757 non
1555 714 1799 771 prodeunt,

113 791 170 822 ex
201 791 293 834 qua
331 779 465 834 parte
505 778 710 835 corporis
757 779 930 823 sentire
961 779 1108 824 fertur
1146 794 1319 837 magna
1356 780 1564 824 humoris
1607 781 1675 825 rei
1708 781 1801 825 dis—

108 842 283 899 positio
316 844 400 887 est.
441 845 489 887 et
528 844 821 898 quorundam
860 847 932 890 est
979 845 1138 902 opinio
1178 848 1365 890 tantum
1395 845 1446 890 in
1477 850 1692 892 concreto
1725 862 1800 892 ca-

109 909 207 953 lore
246 909 489 954 humorem
527 910 578 953 in
608 910 779 955 faciem
819 912 1152 968 transfigurare
1192 912 1394 957 seminis.
1443 912 1674 968 quidam
1712 913 1800 958 fer-

108 975 262 1020 ventis
311 975 502 1032 sanguis
543 976 746 1033 speciem
791 991 893 1021 esse
943 977 1106 1022 dicunt
1143 978 1470 1023 testiculorum
1515 979 1566 1022 in
1607 994 1797 1037 corpore
1825 994 1866 1025 10

113 1041 267 1086 virum
299 1041 510 1099 effusum,
544 1042 737 1098 quidam
768 1057 796 1087 a
828 1043 1017 1088 renibus
1048 1044 1263 1088 venerint
1292 1045 1558 1101 persuadet.

414 1189 642 1234 XXXIIII.
681 1190 757 1234 De
790 1205 1044 1235 ossarum
1076 1191 1485 1248 dispositione.

226 1255 420 1299 Constat
452 1269 542 1310 que
573 1256 710 1300 homo
754 1270 810 1300 ex
850 1257 1032 1301 ossibus
1066 1257 1364 1303 CCXXVIIII.
1410 1262 1554 1315 caput
1583 1262 1797 1304 nostrum

106 1320 252 1364 habet
292 1319 620 1364 coniuncturas
651 1321 705 1365 V.
748 1321 869 1365 sicut
912 1322 1074 1367 littera
1112 1323 1258 1367 labda
1297 1323 1555 1380 iunguntur
1592 1324 1798 1369 virorum

107 1386 334 1443 calvarie,
373 1385 545 1430 femine
576 1387 626 1429 in
656 1388 857 1431 rotundo
901 1387 1178 1445 iunguntur,
1219 1391 1267 1433 et
1300 1389 1574 1433 dividuntur
1611 1390 1661 1434 in
1693 1405 1798 1435 ossa
1824 1406 1864 1438 15

107 1453 206 1497 VII.
249 1452 559 1508 dicunturque
598 1452 795 1509 lepiotes
837 1454 950 1509 duo,
999 1453 1130 1498 irena
1167 1469 1324 1499 unum.
1373 1454 1518 1498 facies
1558 1469 1664 1500 ossa
1695 1457 1795 1514 VH,

111 1520 274 1563 dentes
299 1518 483 1575 XXXII,
515 1518 788 1563 mulieribus
821 1521 869 1563 et
902 1520 1177 1563 durebarbis
1201 1519 1340 1576 XXX,
1374 1520 1495 1564 collo
1528 1535 1557 1565 a
1580 1524 1797 1567 vertebra

109 1584 209 1641 VII,
244 1585 433 1629 dorsum
464 1587 511 1629 et
544 1585 679 1641 spina
709 1586 922 1629 vertebre
947 1585 1046 1642 XII,
1079 1586 1264 1630 lumbus
1296 1587 1536 1631 vertebras
1554 1588 1608 1645 V,
1642 1591 1795 1633 costas

109 1652 336 1696 XXXIIII.
379 1651 510 1695 ieron
549 1666 704 1695 ossum
742 1667 906 1707 unum,
947 1651 1028 1707 qui
1065 1652 1210 1696 habet
1248 1655 1519 1709 pertusuras
1551 1654 1672 1700 VIII.
1715 1656 1795 1711 qui

110 1721 184 1762 est
214 1718 263 1762 in
294 1720 454 1762 torace
494 1718 708 1775 iugulare
741 1719 845 1762 duo.
891 1720 1034 1774 caput
1070 1718 1380 1776 humerorum,
1413 1721 1539 1775 quod
1571 1723 1794 1766 condrum
1820 1737 1862 1768 20

111 1784 381 1841 iunguntur,
416 1785 543 1840 quod
574 1784 750 1828 clidion
773 1786 1013 1829 vocantur.
1049 1785 1263 1841 scapulas
1288 1785 1364 1829 vel
1390 1786 1524 1842 palas
1558 1801 1664 1831 ossa
1690 1789 1794 1845 duo,

113 1855 276 1907 pectus
325 1865 481 1894 ossum
526 1866 690 1907 unum,
746 1850 1002 1906 aliquantis
1049 1864 1157 1895 vero
1206 1852 1309 1896 duo.
1359 1852 1623 1897 cubitorum
1667 1856 1794 1898 mani

31 1940 33 1943 ·
108 1916 245 1961 unius
287 1931 392 1961 ossa
424 1917 567 1961 HIIOr.
602 1931 707 1961 ossa
738 1931 961 1960 manuum
993 1917 1235 1960 ambarum
1274 1920 1382 1961 sunt
1413 1918 1645 1977 XLVIIII,
1685 1920 1792 1965 aliis

230 2076 253 2114 1
289 2085 487 2115 senuosa
519 2071 571 2115 P.
694 2076 719 2115 2
753 2073 1006 2128 protegunt
1041 2071 1093 2115 G.
1157 2071 1284 2131 greci
1319 2072 1372 2117 G.
1496 2078 1521 2117 5
1547 2074 1716 2119 XXXV
1740 2076 1791 2120 P.

109 2131 186 2173 sed
215 2129 407 2172 XXXIII
439 2131 491 2174 iri
521 2131 682 2174 indice.
819 2130 887 2173 De
920 2129 1211 2186 spationibus
1240 2130 1282 2174 G
1308 2132 1384 2186 (cf.
1403 2132 1487 2177 Ar.
1522 2133 1596 2177 Ps.
1623 2148 1672 2189 10.
1702 2138 1795 2179 667

111 2194 153 2232 et
183 2189 343 2232 deinde
381 2190 434 2232 de
472 2190 636 2233 semine
666 2188 786 2245 App.
826 2190 910 2233 Th.
954 2189 1097 2234 Prisc.
1130 2190 1190 2234 ib.
1218 2204 1266 2245 p.
1293 2193 1418 2246 379).
1631 2199 1655 2236 6
1687 2207 1792 2248 pro-

115 2246 252 2289 diunt
275 2247 327 2290 P.
424 2251 447 2290 7
482 2246 731 2303 disposicio
749 2249 802 2291 P.
895 2251 921 2290 8
955 2247 1144 2304 oppinio
1181 2248 1234 2292 G.
1329 2254 1383 2292 10
1410 2262 1509 2293 esse
1543 2249 1705 2294 dicunt
1729 2253 1790 2297 P:

115 2307 185 2349 est
217 2307 276 2361 (e)
310 2305 479 2348 ducum
513 2305 566 2350 G.
690 2311 743 2349 11
777 2306 1027 2362 persoadet
1058 2307 1111 2351 P.
1235 2311 1288 2349 12
1321 2307 1491 2351 XXXV
1518 2311 1718 2366 (iterum)
1738 2311 1794 2367 P,

111 2365 190 2408 sed
220 2363 434 2406 XXXIIII
466 2365 517 2408 iri
548 2365 709 2409 iiidice.
831 2365 900 2408 De
933 2379 1143 2408 ossarum
1171 2378 1415 2409 numerum
1442 2366 1485 2410 G
1512 2369 1613 2423 (ubi
1637 2375 1796 2424 postea

111 2438 173 2481 al.
206 2451 261 2480 m.
296 2438 538 2493 adscripsit
576 2437 664 2481 hoc
704 2445 826 2494 scrip
858 2443 882 2481 e
913 2437 1108 2494 inquat).
1149 2453 1250 2482 cum
1288 2440 1373 2483 hac
1413 2441 1579 2484 ossium
1619 2455 1795 2488 enume-

112 2496 289 2540 ratione
320 2496 525 2550 conferas
557 2498 797 2541 breviorem
828 2499 880 2541 iri
910 2499 1005 2542 cod.
1037 2497 1185 2552 Hafn.
1218 2503 1301 2542 vet.
1335 2513 1424 2556 req.
1451 2502 1572 2545 1653
1595 2501 1629 2555 f.
1649 2503 1795 2544 73a-e>

114 2560 158 2598 et
187 2555 338 2598 Bruoe.
376 2557 499 2609 (arcte
536 2556 621 2599 Th.
656 2556 967 2611 Priscianum)
1000 2557 1101 2611 fi2b
1120 2559 1250 2600 1—2.
1412 2561 1465 2600 13
1498 2571 1586 2613 que
1618 2573 1702 2604 om.
1739 2559 1792 2604 G.

118 2616 173 2656 15
204 2612 375 2656 labdae
412 2613 466 2658 G.
561 2618 614 2657 15
648 2613 882 2674 calvariae
915 2613 1086 2674 femine
1115 2615 1168 2659 G.
1263 2614 1481 2659 dividunt
1512 2617 1564 2661 P.
1659 2623 1713 2661 16
1738 2617 1794 2660 li-

115 2670 322 2727 pidioses
359 2671 412 2716 G.
534 2671 692 2717 irenea
726 2673 780 2718 G.
875 2677 927 2716 17
959 2673 1232 2717 mulieribus
1265 2675 1423 2718 autem
1455 2677 1502 2719 et
1536 2676 1589 2721 G.
1680 2677 1793 2737 dure

115 2729 260 2788 barbe
297 2729 350 2774 G.
471 2732 688 2790 vertebra
722 2732 776 2777 G.
900 2735 954 2775 18
988 2734 1031 2780 Q!
1069 2736 1139 2789 (ut
1168 2734 1294 2781 solet)
1314 2733 1367 2790 P,
1399 2733 1486 2777 VII
1519 2735 1574 2780 G.
1694 2750 1795 2780 ver-

113 2788 273 2832 tebras
302 2789 355 2833 G.
417 2788 601 2834 lumbos
622 2791 676 2836 G.
767 2805 809 2835 v.
842 2791 907 2835 VI
941 2790 995 2837 G.
1087 2793 1237 2835 costes
1255 2792 1308 2836 P.
1402 2797 1456 2835 19
1489 2794 1600 2838 abet
1624 2794 1716 2852 (ab)
1737 2796 1795 2841 P.

117 2851 173 2890 20
203 2847 454 2904 ingulares.
486 2848 542 2893 II.
579 2850 633 2894 G.
755 2855 809 2894 21
842 2850 876 2894 I.
914 2849 967 2894 G.
1089 2851 1144 2895 II.
1182 2850 1236 2895 G.
1299 2850 1561 2908 cupitorum
1595 2853 1649 2898 G.

115 2910 174 2949 23
205 2905 374 2950 hunius
407 2907 460 2952 P.
553 2908 650 2954 IIII.
688 2908 742 2954 G.
848 2908 1027 2954 XLQIH
1051 2910 1111 2955 P:
1143 2909 1329 2953 XLVIII
1364 2910 1417 2956 G.

205 2988 426 3023 Theodorus
449 2989 680 3034 Priscianus,
703 2991 758 3024 ed.
781 2991 912 3025 Rose.
1473 2989 1525 3028 31
