1988 3184
803 112 1114 159 ammon.
1159 147 1163 151 .
1697 101 1802 165 4'51

174 248 266 303 (19)
274 244 563 307 temporibus
574 258 655 289 au-

121 306 219 349 tem
233 304 465 349 infantem
484 317 654 361 conpo-

121 365 207 407 nat
222 363 413 419 adquod.
433 361 653 407 collocari

121 421 396 467 manifestat
452 421 653 467 elemen-

120 482 278 524 torum
316 481 428 525 ordo
464 494 651 526 currens

787 246 879 302 (19)
938 243 1229 301 temporibus

701 305 860 348 autem
902 303 1041 348 certis
1073 302 1228 347 infans

700 362 916 419 componi
954 364 1097 418 atque
1136 362 1229 406 for-

698 420 817 466 mari
862 420 915 465 in
951 423 1084 466 utero
1130 435 1228 465 ma-

697 481 831 525 terno
927 479 1228 525 manifestum

1329 244 1555 302 Tempore
1565 244 1723 288 autem
1734 244 1806 288 in-

1276 306 1431 348 stante
1456 303 1638 360 concipi
1662 305 1804 359 atque

1275 362 1807 407 collocarimanifestum

1276 424 1360 479 est,
1387 421 1699 478 septidomum
1725 436 1806 480 ve-

1275 481 1309 537 (i
1340 486 1446 526 ante
1476 481 1662 537 corr.)ro
1703 493 1806 537 sep-

120 553 204 596 per
227 539 546 596 septenarium
567 554 652 583 nu-
699 541 783 584 est.
1273 542 1372 585 tem
1425 538 1596 596 spaciis
1657 538 1805 583 conti-

119 612 311 644 merum.
345 600 531 642 constat
560 598 651 642 ita-
1272 599 1388 655 neri,
1422 598 1620 656 septimo
1645 611 1804 642 mense

121 670 211 712 que
260 658 440 714 septem
485 656 650 701 diebus
1275 658 1437 703 dentes
1468 657 1613 714 nasci,
1635 655 1805 712 aliqui-

121 729 305 760 omnem
329 715 536 760 seculum
551 715 650 760 vol·
1272 717 1360 761 bus
1406 730 1530 761 nono
1546 753 1556 773 ,
1604 715 1804 772 septimo

119 774 219 818 veri
263 776 442 831 septem
472 774 650 830 species
1274 789 1396 820 anno
1427 774 1601 819 infanti
1641 775 1804 818 dentes

119 833 318 890 septimo
334 846 492 877 mense
503 832 648 878 nasci.
1274 835 1454 891 cadere,
1486 833 1560 877 bis
1594 831 1801 890 septenis

119 891 318 949 septimo
350 905 473 936 anno
497 891 650 936 infan-
1271 894 1526 950 pubescere
1558 895 1607 936 et
1647 891 1805 935 nucle-

118 950 192 995 cia
224 964 543 995 consummare
574 950 648 994 bis
705 1007 707 1009 r
1273 952 1463 996 antibus
1487 950 1710 995 mamillis
1736 964 1806 994 se-

118 1009 323 1067 septenis
379 1009 647 1066 pubescere.
1271 1025 1380 1055 men
1432 1023 1676 1067 generare,
1730 1011 1804 1053 ter

118 1070 165 1113 et
174 1067 649 1125 ennuclientibus(szc)
1274 1069 1479 1127 septenis
1505 1070 1553 1113 et
1569 1082 1660 1112 uno
1679 1081 1802 1111 anno

115 1127 339 1171 mamillis
373 1140 531 1171 semen
570 1141 648 1184 ge·
1271 1129 1470 1172 barbam
1551 1129 1803 1183 maturare,

116 1199 293 1231 nerare.
347 1188 422 1230 ter
476 1186 648 1242 septies
1274 1186 1585 1246 septidomi<s
1609 1187 1654 1244 Ξ
1696 1188 1802 1242 (pro
1882 1212 1885 1215 -

116 1245 168 1288 id
214 1247 287 1289 est
332 1244 567 1289 vicesimo.
613 1245 646 1289 Ι.
1271 1249 1391 1303 mus)
1402 1246 1805 1302 egrosadd.corr.>

118 1318 240 1348 anno
294 1304 445 1347 barba
497 1305 649 1347 matu·
832 1311 839 1317 ·
1271 1305 1553 1362 periclitare.
1579 1304 1693 1359 quid
1716 1302 1803 1345 mi-

116 1376 233 1408 rare.
291 1361 489 1419 septimo
543 1361 649 1405 diae
1271 1370 1388 1408 nus?
1430 1365 1608 1419 septem
1638 1363 1717 1418 (st
1748 1362 1801 1405 in

118 1435 228 1479 ergo
251 1420 521 1478 periclitare
547 1434 649 1476 sep·
1272 1421 1509 1481 ras.>ellis
1538 1420 1695 1465 omnia
1717 1419 1804 1462 mi-

116 1483 214 1525 tem
275 1479 424 1524 stellis
492 1478 649 1523 omnia
1271 1480 1464 1525 nistrari
1486 1479 1551 1523 sic
1575 1479 1806 1522 infantem

116 1538 397 1583 ministrare.
432 1537 498 1581 sic
522 1540 570 1582 et
599 1537 650 1580 in
1272 1540 1323 1583 in
1353 1541 1485 1583 utero
1521 1537 1632 1582 ferri
1660 1539 1802 1592 atque

117 1597 298 1642 infante
321 1597 372 1641 in
395 1599 528 1641 utero
551 1610 650 1640 ma·
1273 1597 1489 1655 componi
1521 1610 1706 1640 cursum
1730 1609 1802 1638 so-

118 1660 252 1702 terno
280 1656 481 1700 formare
506 1657 648 1711 atque
1272 1657 1331 1701 lis
1379 1659 1427 1700 et
1472 1655 1582 1715 lune
1631 1654 1806 1698 duode-

118 1729 377 1773 conponere
398 1714 650 1758 manifesta
802 1746 805 1748 -
1274 1714 1480 1775 cadio<n
1495 1717 1547 1759 in
1569 1713 1697 1772 ras>
1710 1715 1803 1756 ter-

118 1775 246 1819 racio
293 1774 475 1831 probat.
521 1774 649 1831 [con-
1273 1775 1464 1818 minare.
1521 1775 1592 1817 est
1645 1774 1804 1815 autem

120 1834 284 1878 cordat
296 1833 364 1877 ibi
375 1835 422 1877 et
435 1831 555 1876 alius
568 1846 651 1874 nu·
1272 1847 1490 1878 numerus
1501 1831 1673 1888 septies
1682 1830 1801 1874 mul-

119 1906 272 1937 merus
303 1891 436 1935 iuxta
463 1890 651 1934 iudai-
1272 1892 1529 1950 tiplicatus
1586 1890 1655 1934 ita
1696 1903 1803 1946 par-

120 1965 182 1995 co
222 1951 423 1995 ordine
479 1949 530 1992 id
580 1951 652 1993 est
1272 1954 1374 1996 tum
1387 1948 1808 1995 consummari.sed

126 2009 306 2054 dierum
336 2009 427 2053 XL.
461 2021 651 2052 concur·
1273 2011 1472 2068 figuram
1501 2007 1703 2052 hominis
1733 2006 1810 2050 in·

121 2083 198 2113 sus
232 2067 344 2113 solis
384 2067 435 2110 in
471 2066 652 2110 decima
1273 2069 1378 2113 fans
1426 2067 1598 2124 accipit
1649 2066 1809 2124 primo

121 2127 234 2171 anni
304 2125 544 2182 colligitur
606 2127 653 2169 et
959 2129 962 2131 ’
1275 2126 1634 2184 quadragesimo
1719 2124 1815 2168 ali--

122 2186 303 2230 dierum
362 2184 503 2228 XXX.
559 2198 652 2240 qua
1275 2187 1484 2243 quando,
1547 2183 1815 2240 aliquando

122 2258 280 2288 cursus
342 2243 451 2286 lune
518 2255 652 2299 pera·
1276 2247 1324 2290 et
1345 2243 1588 2301 trigesimo
1622 2243 1711 2298 die,
1746 2241 1816 2285 si·-

122 2303 282 2360 gitur]
296 2315 379 2358 per
391 2302 477 2345 hOS
495 2303 652 2345 aubem
1276 2306 1356 2348 cut
1374 2303 1443 2347 ait
1460 2303 1814 2359 yppocrates.

120 2374 338 2405 numerus
354 2359 525 2417 septies
535 2359 652 2403 mul·
1275 2362 1326 2405 in
1355 2362 1477 2405 libro
1510 2360 1650 2403 XLmo
1681 2373 1812 2403 nono-

120 2419 378 2477 tiplicatus.
474 2418 654 2462 editum
1277 2421 1334 2465 de
1380 2419 1577 2463 infantis
1618 2420 1809 2463 natura.

121 2480 310 2536 partum
334 2489 652 2523 consummare
1276 2481 1324 2523 et
1339 2478 1440 2523 vidi
1457 2478 1695 2534 quandam
1706 2491 1811 2521 mu·

124 2536 436 2582 certissimum
460 2538 542 2581 est.
570 2536 653 2580 sed
1275 2537 1439 2582 lierem
1495 2537 1547 2580 in
1590 2535 1806 2593 partibus

121 2596 320 2654 figuram
335 2594 538 2639 hominis
557 2594 653 2652 pri-
700 2595 848 2640 omnis
903 2596 1028 2640 enim
1079 2596 1230 2654 figura
1275 2611 1391 2656 gaze
1436 2594 1566 2640 XXX
1627 2595 1808 2639 dierum

121 2669 250 2699 mum
279 2653 435 2698 infans
464 2653 651 2711 accipit.
697 2654 911 2699 firmatur
932 2655 984 2700 in
1005 2655 1085 2699 XL
1114 2654 1227 2700 dies.
1277 2656 1495 2700 abortum
1518 2653 1683 2698 fecisse
1706 2667 1805 2698 ma-

122 2712 359 2758 tricesimo
390 2712 653 2770 quadrage·
699 2713 942 2769 aliquante
980 2714 1031 2759 in
1063 2713 1228 2759 diebus
1277 2713 1469 2771 sculum,
1495 2712 1626 2757 cuius
1648 2711 1806 2757 omnia

125 2771 241 2816 simo
286 2771 406 2817 diae.
456 2773 652 2828 uterque
697 2772 839 2818 XXX.
887 2772 969 2829 qui
1017 2786 1127 2818 vero
1179 2772 1231 2817 in
1275 2772 1485 2819 membra
1523 2785 1581 2816 ex
1621 2771 1806 2828 integro

123 2832 289 2876 autem
333 2842 553 2875 numerus
606 2832 654 2875 et
698 2831 839 2877 XXX.
875 2831 975 2877 dies
1002 2831 1231 2877 formatur
1272 2832 1551 2878 confirmata
1571 2829 1803 2888 conspexi.

299 2917 474 2975 IV(P)
901 2919 1031 2979 V(0)
1463 2920 1633 2977 VI(B)

1451 2995 1539 3039 29*
