1950 3172
287 14 289 18 ,
411 8 419 14 ,v
458 0 543 19 νήττῃ
618 2 619 6 =
702 3 713 9 —

266 40 267 43 ,
285 15 496 51 Ᾰω-,Ὕςψ-ὁι
494 22 516 39 κ’
632 24 637 25 ’

316 50 357 66 *fs
423 52 428 57 .

139 116 181 139 ..
474 97 858 143 Eupoms‘ron
885 67 1325 142 rmnomnnonj
1350 62 1359 68 ’
1670 95 1744 149 95

99 212 134 260 '²
170 252 177 276 ε
225 247 304 282 us
335 233 414 282 vel
450 233 568 283 mali
605 236 798 299 granati
833 235 995 284 tunsis
1027 230 1409 299 cataplasmandi
1444 238 1571 282 sunt.
1635 235 1742 297 qui-

209 377 366 429 soluta
405 380 620 430 admixta
659 387 908 431 curantur.
963 387 1012 430 et
1051 380 1257 446 sulphur
1293 382 1458 429 vivum
1495 380 1589 429 hoc
1630 395 1743 429 cum

72 460 115 520 3¹
154 453 280 502 cinis
327 452 553 518 adipibus
597 460 800 504 tunsum
840 460 889 504 et
927 456 1246 504 commixtum
1290 458 1520 518 praestat.
1590 458 1639 502 et
1676 468 1740 502 ne

5 545 7 567 l
255 527 353 590 ipsi
397 541 589 591 ungues
631 527 852 594 exiliant,
898 527 989 576 lini
1035 529 1238 576 seminis
1284 526 1465 592 pulvis,
1513 526 1740 576 similiter
1785 537 1809 571 5

6 609 8 636 ἰ
54 600 210 649 'tiam
247 601 487 650 nasturcii
525 616 638 649 cum
676 601 820 649 melle
852 603 1035 650 mixtus
1067 603 1351 665 imponitur.
1414 605 1463 649 et
1494 615 1606 649 cera
1638 600 1740 649 sola

52 671 322 738 [liquefacta
368 675 749 738 superimposita
794 676 861 723 ita
899 674 1189 723 medebitur.
1268 674 1354 722 sed
1393 673 1739 722 his-omnibus

50 738 292 806 adhibitis
333 746 518 796 diutius
557 747 976 812 perseverandum
1009 753 1096 796 est.
1160 747 1381 796 calefacti
1414 749 1596 795 etenim
1627 762 1738 811 per-

6 854 9 882 ,
47 821 334 870 ἒεθνθτᾶῐιῑίει
373 819 606 869 adiutorii
644 836 835 885 ungues
874 820 1051 869 melius
1091 820 1440 885 gubernantur.

7 941 8 947 ,
55 904 57 906 ·
210 892 460 942 scabiosos
513 894 666 943 veluti
727 894 1044 942 elefantiosus
1101 895 1143 942 si
1197 895 1306 958 quis
1369 893 1494 941 forte
1549 908 1738 957 ungues
1757 891 1826 942 91

7 957 9 1021 l
54 965 301 1033 habuerit,
333 968 434 1016 vini
465 967 574 1016 faex
607 969 738 1017 sicca
767 969 883 1016 trita
916 982 1028 1017 cum
1060 968 1301 1016 cerotario
1334 968 1563 1030 imposita
1588 973 1737 1015 curat.
1764 979 1805 1010 11

8 1044 110 1089 et
147 1040 270 1090 ficus
310 1042 440 1089 sicca
484 1047 691 1106 purgata
731 1047 779 1090 et
823 1047 969 1090 tunsa
1017 1042 1399 1105 superimposita
1446 1055 1599 1104 aeque
1639 1055 1739 1088 me-

39 1112 219 1180 detur,
259 1119 308 1163 et
346 1113 530 1179 lapathi
569 1116 778 1179 agrestis
817 1114 956 1164 radix
996 1116 1049 1163 in
1088 1120 1224 1163 aceto
1265 1119 1399 1163 cocta
1437 1119 1485 1162 et
1518 1115 1739 1162 contrita.

60 1192 110 1236 et
142 1187 347 1252 sulphur
377 1189 542 1238 vivum
574 1204 686 1238 cum
719 1188 984 1237 sandaraca
1017 1204 1076 1237 ex
1108 1203 1264 1252 aequo
1288 1190 1462 1236 tritum
1494 1193 1543 1235 et
1574 1202 1739 1251 asper-

19 1254 171 1316 ssum
218 1263 449 1311 continuo
496 1268 648 1312 curat.
726 1268 775 1311 et
819 1261 986 1311 nuclei
1031 1263 1137 1326 pini
1180 1263 1377 1326 purgati
1418 1266 1467 1309 et
1503 1262 1611 1309 triti
1650 1262 1739 1309 im-
1765 1272 1806 1305 15

34 1448 37 1452 -
178 1421 202 1460 1
237 1418 346 1461 sunt
375 1419 435 1463 rb
456 1418 574 1463 Gel.:
608 1420 744 1462 erunt
772 1419 832 1463 B.
924 1423 949 1461 2
984 1431 1095 1462 sane
1126 1417 1199 1461 his
1232 1417 1390 1473 aliquo
1422 1416 1542 1461 forte
1574 1416 1670 1460 ictu
1694 1432 1739 1462 r:

59 1488 171 1520 sane
201 1475 322 1520 forte
355 1489 395 1521 a.
428 1476 458 1521 i.
495 1477 590 1522 Gal.
610 1479 738 1533 (sane
772 1477 831 1522 al.
856 1476 954 1521 ictu
980 1478 1036 1533 b),
1070 1490 1180 1520 sane
1211 1476 1333 1520 forte
1366 1475 1526 1531 aliqua
1556 1475 1661 1519 loca
1680 1477 1739 1520 B.

0 1534 30 1586 Q
56 1534 327 1593 nigrescant
360 1537 405 1580 b:
438 1536 610 1579 -cunt
639 1537 720 1580 rB
739 1536 837 1582 Gel.
980 1540 1006 1579 3
1039 1535 1193 1579 soluta
1225 1537 1250 1580 b
1270 1536 1386 1580 Gel.:
1422 1534 1522 1578 sola
1552 1535 1632 1578 ΥΒ
1664 1535 1740 1590 (cf.

0 1583 119 1640 &ad
149 1599 192 1651 1,
224 1597 316 1651 87).
439 1593 650 1638 admixta
680 1595 738 1651 B,
773 1594 951 1639 amixta
981 1610 1026 1640 r:
1058 1594 1207 1638 mixta
1238 1595 1263 1638 b
1284 1594 1379 1640 Gel.
1514 1594 1562 1637 et
1593 1593 1741 1636 sulfur

0 1661 33 1687 '-
55 1652 216 1698 vivum
240 1654 329 1709 (hic
361 1653 569 1710 lacunal)
594 1652 822 1710 similiter,
857 1655 905 1697 et
926 1653 1215 1698 nasturcium
1246 1667 1351 1696 cum
1381 1652 1519 1697 melle
1542 1651 1741 1695 mixtum

55 1710 313 1768 imponitur
344 1712 441 1757 Gel.
474 1713 687 1757 lacurnam
716 1714 897 1769 eoeplent
924 1728 950 1758 fr
967 1714 1009 1770 (b
1019 1714 1080 1768 B,
1110 1713 1192 1757 ubi
1214 1714 1280 1756 sic
1310 1711 1372 1756 Et
1397 1727 1431 1757 s.
1454 1726 1497 1757 v.
1522 1711 1611 1754 hoc
1635 1725 1741 1754 cum

8 1803 15 1830 η,
35 1770 250 1828 *porcino
282 1770 421 1827 adipe
458 1772 648 1815 tunsum
686 1773 734 1815 et
764 1771 1065 1816 commixtum
1102 1772 1315 1828 praestat
1345 1785 1402 1815 ne
1437 1770 1530 1827 ipsi
1561 1783 1739 1826 ungues

57 1828 267 1875 exiliant.
307 1830 370 1873 Et
399 1829 487 1873 lini
511 1830 700 1874 seminis
731 1830 900 1887 pulvis.
946 1830 1094 1875 Simul
1118 1829 1263 1874 etiam
1287 1831 1334 1874 et
1357 1832 1599 1874 asturacus
1618 1830 1739 1886 (εἰσί)

57 1901 163 1933 cum
192 1888 330 1932 melle
355 1888 631 1933 commixtus
655 1889 910 1946 imponitur
931 1890 991 1946 B,
1025 1889 1181 1934 Sulfur
1203 1889 1363 1933 vivum
1395 1888 1612 1945 adipibus
1636 1900 1741 1943 por-

9 1975 24 1995 t,
56 1947 174 1992 cinis
205 1947 403 1991 mixtum
440 1950 489 1992 et
524 1948 688 1992 tritum
719 1948 846 1993 idem
875 1948 1004 1994 facit.
1054 1948 1104 1993 Si
1142 1948 1287 1992 etiam
1317 1961 1496 2005 ungues
1529 1946 1739 1992 exiliunt.

4 2003 12 2046 ’ἱ
26 2023 38 2065 g,
55 2005 166 2050 linis
184 2006 372 2051 seminis
389 2006 543 2064 pulvis
570 2007 676 2051 siml
701 2007 845 2051 etiam
868 2007 1070 2052 nasturii
1093 2022 1130 2051 c.
1145 2022 1205 2052 m.
1223 2007 1395 2050 mixtus
1409 2005 1666 2063 imponitur
1683 2007 1739 2062 b).

29 2067 33 2086 ‘²
59 2069 84 2110 7
130 2065 388 2122 liquefacta
424 2067 470 2110 B
496 2067 614 2111 Get:
667 2066 827 2123 aliqua
872 2066 1001 2111 facta
1031 2082 1056 2112 l1·
1087 2066 1334 2124 (calefacta
1372 2067 1420 2110 et
1456 2064 1633 2121 iposita
1671 2064 1741 2107 ita,

7 2135 29 2166 a
55 2124 255 2168 nedetur
286 2126 341 2182 b).
513 2124 584 2170 ita
613 2127 694 2171 rb:
728 2140 810 2171 om.
846 2126 941 2171 θεῖ.
975 2131 1016 2171 et
1046 2127 1164 2183 (cum
1194 2139 1277 2182 seq.
1310 2124 1589 2181 medebitur)
1621 2124 1681 2170 B.

57 2187 86 2228 8
118 2183 291 2228 etenim
319 2185 412 2241 ΥΒ,
445 2184 569 2228 enim
602 2185 887 2242 Gel.(autem
920 2186 976 2242 b).
1107 2190 1132 2228 9
1163 2199 1208 2241 p.
1243 2185 1290 2228 et
1321 2182 1543 2227 adiutorii
1572 2198 1598 2227 r
1622 2184 1741 2239 (per-

32 2254 36 2259 ’
58 2242 379 2287 severantibus
412 2243 657 2288 adiutoriis
691 2245 746 2300 b).
838 2259 883 2289 u,
915 2259 974 2287 m.
1004 2257 1071 2300 g.:
1103 2258 1163 2287 m.
1197 2258 1240 2300 g.
1273 2256 1452 2299 ungues
1483 2256 1520 2287 r.
1617 2246 1670 2285 10
1694 2242 1742 2284 et

31 2331 34 2336 .
57 2301 206 2347 veluti
244 2301 547 2346 elefantiosus
581 2302 817 2347 scabiosos
851 2302 891 2346 si
922 2317 964 2358 q.
998 2303 1029 2347 f.
1062 2317 1105 2347 u,
1138 2303 1183 2347 h.
1219 2302 1338 2357 θῶ,
1384 2299 1629 2345 Scabiosos
1661 2313 1740 2342 ve-

19 2363 27 2412 {1
56 2359 149 2405 luti
179 2360 484 2405 elefanciosos
518 2361 558 2405 si
590 2377 633 2417 q.
665 2361 697 2406 f.
730 2376 774 2413 u.
805 2362 849 2406 h.
883 2363 950 2417 B,
991 2360 1040 2404 Si
1079 2360 1184 2417 quis
1222 2360 1342 2403 forte
1380 2357 1528 2403 veluti
1568 2356 1741 2400 elefan-

20 2418 206 2478 ‘gtiosus
245 2434 289 2464 u,
321 2420 366 2465 h.
407 2421 447 2465 b.
508 2421 616 2465 haec
654 2435 737 2465 om.
770 2436 816 2476 r,
864 2422 943 2477 qui
980 2421 1088 2464 huic
1126 2420 1219 2463 loco
1257 2418 1398 2472 infert
1436 2419 1573 2472 (quae
1610 2417 1742 2468 infra

19 2480 223 2524 ‘rectius
253 2479 386 2524 addit
417 2480 480 2535 b)=
521 2481 569 2522 et
608 2479 770 2535 adipes
809 2478 958 2522 leonis
998 2492 1103 2522 cum
1140 2476 1363 2520 titimallo
1397 2477 1444 2518 et
1475 2473 1740 2518 cantarides

21 2534 108 2582 *et
135 2537 278 2581 mirra
315 2537 430 2582 trita
468 2537 708 2581 commixti
745 2536 955 2593 impositi
986 2549 1162 2592 ungues
1194 2535 1360 2578 mutat.
1399 2534 1507 2589 post
1545 2546 1741 2588 quorum

24 2598 220 2643 [casum
264 2597 319 2640 ut
358 2595 573 2640 meliores
621 2595 682 2653 [si
724 2609 840 2650 quos
886 2595 1101 2639 forte...
1262 2597 1314 2635 11
1365 2591 1508 2636 sicca:
1565 2590 1742 2636 siccata

60 2653 186 2699 sicca
215 2670 255 2701 r.
405 2656 453 2698 et
483 2654 630 2710 (trita)
664 2655 689 2698 b
709 2654 826 2698 Gela
859 2667 941 2697 om.
974 2653 1065 2697 rB.
1242 2655 1295 2694 12
1330 2649 1454 2694 sicca.
1485 2651 1585 2695 bB:
1619 2649 1743 2695 sicca

45 2715 195 2765 murat
225 2714 331 2758 add.
359 2713 454 2758 Gel.
480 2714 587 2768 (acc.
613 2711 761 2755 siccas
792 2717 869 2757 etc.
893 2712 1027 2756 habet
1048 2713 1104 2767 r).
1195 2722 1341 2765 aeque
1364 2709 1436 2753 ΥΒ
1455 2710 1573 2754 Gela
1597 2723 1680 2755 om.
1700 2711 1740 2755 b.

43 2775 118 2816 13
147 2771 302 2828 lapati
327 2772 445 2817 Get:
478 2770 594 2814 —tii
624 2770 724 2826 ΥΒ,
758 2769 878 2814 —cii
902 2771 940 2814 b.
1066 2772 1119 2813 15
1153 2770 1200 2813 et
1228 2767 1384 2812 nuclei
1412 2767 1515 2824 pini
1543 2783 1588 2825 p.
1614 2769 1661 2812 et
1683 2770 1740 2815 tr.

50 2827 92 2886 si.
122 2844 301 2888 ungues
339 2830 538 2874 mutant.
570 2830 679 2885 post
708 2842 904 2884 quorum
935 2829 1236 2884 casum—(p.
1263 2831 1344 2883 96,
1367 2828 1412 2883 4)
1442 2827 1744 2884 imponuntur

53 2887 185 2941 Gela
217 2902 302 2935 om.
333 2889 393 2935 B.
425 2889 577 2934 eadem
605 2888 739 2933 habet
769 2889 861 2944 (sed
891 2889 1043 2945 aucta)
1075 2888 1211 2934 etiam
1235 2888 1285 2933 b:
1316 2885 1375 2931 N.
1405 2886 1508 2944 pim'
1535 2885 1741 2944 purgati.
