<?xml version="1.0" encoding="UTF-8"?>
<!DOCTYPE html PUBLIC "-//W3C//DTD XHTML 1.0 Transitional//EN"
    "http://www.w3.org/TR/xhtml1/DTD/xhtml1-transitional.dtd">
<html xmlns="http://www.w3.org/1999/xhtml" xml:lang="en" lang="en">
 <head>
  <title>
</title>
<meta http-equiv="Content-Type" content="text/html;charset=utf-8" />
  <meta name='ocr-system' content='tesseract 3.04.00' />
  <meta name='ocr-capabilities' content='ocr_page ocr_carea ocr_par ocr_line ocrx_word'/>
</head>
<body>
  <div class='ocr_page' id='page_1' title='image "./theoeuporislibr00prisuoft_0110.png"; bbox 0 0 1950 3172; ppageno 0'>
   <div class='ocr_carea' id='block_1_1' title="bbox 131 604 153 638">
    <p class='ocr_par' dir='ltr' id='par_1_1' title="bbox 131 604 153 638">
     <span class='ocr_line' id='line_1_1' title="bbox 131 604 153 638; baseline 0 0"><span class='ocrx_word' id='word_1_1' title='bbox 131 604 153 638; x_wconf 83' lang='lat'><strong>5</strong></span> 
     </span>
    </p>
   </div>
   <div class='ocr_carea' id='block_1_2' title="bbox 88 678 159 733">
    <p class='ocr_par' dir='ltr' id='par_1_2' title="bbox 88 678 159 733">
     <span class='ocr_line' id='line_1_2' title="bbox 88 678 159 733; baseline -0.028 0"><span class='ocrx_word' id='word_1_2' title='bbox 88 678 159 733; x_wconf 89' lang='lat'><strong>74</strong></span> 
     </span>
    </p>
   </div>
   <div class='ocr_carea' id='block_1_3' title="bbox 103 1063 146 1095">
    <p class='ocr_par' dir='ltr' id='par_1_3' title="bbox 103 1063 146 1095">
     <span class='ocr_line' id='line_1_3' title="bbox 103 1063 146 1095; baseline 0.023 -1"><span class='ocrx_word' id='word_1_3' title='bbox 103 1063 146 1095; x_wconf 92' lang='grc'><strong>10</strong></span> 
     </span>
    </p>
   </div>
   <div class='ocr_carea' id='block_1_4' title="bbox 185 95 1351 150">
    <p class='ocr_par' dir='ltr' id='par_1_4' title="bbox 185 95 1351 150">
     <span class='ocr_line' id='line_1_4' title="bbox 185 95 1351 150; baseline 0.006 -11"><span class='ocrx_word' id='word_1_4' title='bbox 185 95 254 150; x_wconf 84' lang='grc'><strong>78</strong></span> <span class='ocrx_word' id='word_1_5' title='bbox 699 99 1020 143; x_wconf 81' lang='lat' dir='ltr'>THEODORI</span> <span class='ocrx_word' id='word_1_6' title='bbox 1047 101 1351 146; x_wconf 78' lang='lat' dir='ltr'>PRISCIANI</span> 
     </span>
    </p>
   </div>
   <div class='ocr_carea' id='block_1_5' title="bbox 1771 0 1950 343">
    <p class='ocr_par' dir='ltr' id='par_1_5' title="bbox 1771 0 1950 343">
     <span class='ocr_line' id='line_1_5' title="bbox 1771 0 1950 343; baseline 0 -141"><span class='ocrx_word' id='word_1_7' title='bbox 1771 0 1950 343; x_wconf 95' lang='lat' dir='ltr'><strong>   </strong></span> 
     </span>
    </p>
   </div>
   <div class='ocr_carea' id='block_1_6' title="bbox 178 237 1922 451">
    <p class='ocr_par' dir='ltr' id='par_1_6' title="bbox 178 237 1922 451">
     <span class='ocr_line' id='line_1_6' title="bbox 180 237 1877 308; baseline 0.004 -21"><span class='ocrx_word' id='word_1_8' title='bbox 180 237 390 288; x_wconf 85' lang='lat' dir='ltr'>adhibeo</span> <span class='ocrx_word' id='word_1_9' title='bbox 437 239 654 289; x_wconf 84' lang='lat' dir='ltr'><strong>fomenta</strong></span> <span class='ocrx_word' id='word_1_10' title='bbox 700 240 913 305; x_wconf 84' lang='lat' dir='ltr'>aptiora,</span> <span class='ocrx_word' id='word_1_11' title='bbox 967 244 1018 288; x_wconf 86' lang='lat' dir='ltr'><strong>et</strong></span> <span class='ocrx_word' id='word_1_12' title='bbox 1064 253 1125 287; x_wconf 87' lang='lat' dir='ltr'><strong>ex</strong></span> <span class='ocrx_word' id='word_1_13' title='bbox 1170 237 1332 289; x_wconf 90' lang='lat' dir='ltr'><strong>isdem</strong></span> <span class='ocrx_word' id='word_1_14' title='bbox 1377 239 1594 306; x_wconf 80' lang='lat' dir='ltr'><strong>desuper</strong></span> <span class='ocrx_word' id='word_1_15' title='bbox 1638 242 1877 308; x_wconf 86' lang='lat' dir='ltr'><strong>cataplas-</strong></span> 
     </span>
     <span class='ocr_line' id='line_1_7' title="bbox 178 311 1911 378; baseline 0.004 -17"><span class='ocrx_word' id='word_1_16' title='bbox 178 311 394 374; x_wconf 84' lang='lat' dir='ltr'><strong>matibus</strong></span> <span class='ocrx_word' id='word_1_17' title='bbox 430 313 718 378; x_wconf 89' lang='lat' dir='ltr'><strong>frequenter</strong></span> <span class='ocrx_word' id='word_1_18' title='bbox 746 313 950 377; x_wconf 84' lang='lat' dir='ltr'><strong>requiro</strong></span> <span class='ocrx_word' id='word_1_19' title='bbox 982 311 1294 362; x_wconf 88' lang='lat' dir='ltr'><strong>beneficium.</strong></span> <span class='ocrx_word' id='word_1_20' title='bbox 1348 314 1686 378; x_wconf 89' lang='lat' dir='ltr'><strong>periculosum</strong></span> <span class='ocrx_word' id='word_1_21' title='bbox 1717 322 1794 366; x_wconf 92' lang='lat' dir='ltr'><strong>est</strong></span> <span class='ocrx_word' id='word_1_22' title='bbox 1825 323 1911 368; x_wconf 74' lang='lat' dir='ltr'><strong>et-</strong></span> 
     </span>
     <span class='ocr_line' id='line_1_8' title="bbox 179 385 1922 451; baseline 0.004 -16"><span class='ocrx_word' id='word_1_23' title='bbox 179 388 313 435; x_wconf 86' lang='lat' dir='ltr'><strong>enim</strong></span> <span class='ocrx_word' id='word_1_24' title='bbox 344 401 492 436; x_wconf 88' lang='lat' dir='ltr'><strong>causa</strong></span> <span class='ocrx_word' id='word_1_25' title='bbox 525 391 850 451; x_wconf 81' lang='lat' dir='ltr'>permanente</span> <span class='ocrx_word' id='word_1_26' title='bbox 883 385 1243 436; x_wconf 88' lang='lat' dir='ltr'><strong>adiutoriorum</strong></span> <span class='ocrx_word' id='word_1_27' title='bbox 1280 387 1638 439; x_wconf 84' lang='lat' dir='ltr'><strong>mutationibus</strong></span> <span class='ocrx_word' id='word_1_28' title='bbox 1669 392 1876 443; x_wconf 83' lang='lat' dir='ltr'><strong>variare.</strong></span> <span class='ocrx_word' id='word_1_29' title='bbox 1918 427 1922 430; x_wconf 90' lang='lat'><em>-</em></span> 
     </span>
    </p>
   </div>
   <div class='ocr_carea' id='block_1_7' title="bbox 259 518 1794 659">
    <p class='ocr_par' dir='ltr' id='par_1_7' title="bbox 259 518 1794 659">
     <span class='ocr_line' id='line_1_9' title="bbox 259 518 1794 587; baseline 0.003 -20"><span class='ocrx_word' id='word_1_30' title='bbox 259 518 450 568; x_wconf 87' lang='lat' dir='ltr'><strong>XXIIII.</strong></span> <span class='ocrx_word' id='word_1_31' title='bbox 511 518 589 568; x_wconf 94' lang='lat' dir='ltr'><strong>De</strong></span> <span class='ocrx_word' id='word_1_32' title='bbox 628 518 1027 584; x_wconf 89' lang='lat' dir='ltr'><strong>percussihus</strong></span> <span class='ocrx_word' id='word_1_33' title='bbox 1068 535 1239 584; x_wconf 91' lang='lat' dir='ltr'><strong>apum</strong></span> <span class='ocrx_word' id='word_1_34' title='bbox 1278 519 1370 569; x_wconf 90' lang='lat' dir='ltr'><strong>vel</strong></span> <span class='ocrx_word' id='word_1_35' title='bbox 1409 523 1794 587; x_wconf 83' lang='lat' dir='ltr'><strong>scorpionum</strong></span> 
     </span>
     <span class='ocr_line' id='line_1_10' title="bbox 572 599 1453 659; baseline 0.002 -17"><span class='ocrx_word' id='word_1_36' title='bbox 572 599 670 643; x_wconf 88' lang='lat' dir='ltr'><strong>aut</strong></span> <span class='ocrx_word' id='word_1_37' title='bbox 709 599 1048 643; x_wconf 85' lang='lat' dir='ltr'><strong>ceterorum</strong></span> <span class='ocrx_word' id='word_1_38' title='bbox 1087 600 1453 659; x_wconf 86' lang='lat' dir='ltr'>serpentum.</span> 
     </span>
    </p>
   </div>
   <div class='ocr_carea' id='block_1_8' title="bbox 165 681 1950 1415">
    <p class='ocr_par' dir='ltr' id='par_1_8' title="bbox 165 681 1950 1415">
     <span class='ocr_line' id='line_1_11' title="bbox 323 681 1934 748; baseline 0.002 -18"><span class='ocrx_word' id='word_1_39' title='bbox 323 681 483 747; x_wconf 90' lang='lat' dir='ltr'><strong>Apum</strong></span> <span class='ocrx_word' id='word_1_40' title='bbox 535 697 804 747; x_wconf 89' lang='lat' dir='ltr'><strong>percussus</strong></span> <span class='ocrx_word' id='word_1_41' title='bbox 859 681 1130 732; x_wconf 82' lang='lat' dir='ltr'><strong>malvarum</strong></span> <span class='ocrx_word' id='word_1_42' title='bbox 1184 681 1300 731; x_wconf 89' lang='lat' dir='ltr'><strong>folia</strong></span> <span class='ocrx_word' id='word_1_43' title='bbox 1353 684 1586 748; x_wconf 88' lang='lat' dir='ltr'><strong>imposita</strong></span> <span class='ocrx_word' id='word_1_44' title='bbox 1636 686 1872 736; x_wconf 91' lang='lat' dir='ltr'><strong>continuo</strong></span> <span class='ocrx_word' id='word_1_45' title='bbox 1920 681 1934 734; x_wconf 70' lang='lat'><strong>&#39;2</strong></span> 
     </span>
     <span class='ocr_line' id='line_1_12' title="bbox 174 755 1869 823; baseline 0.004 -19"><span class='ocrx_word' id='word_1_46' title='bbox 174 762 364 822; x_wconf 82' lang='lat' dir='ltr'><strong>curant,</strong></span> <span class='ocrx_word' id='word_1_47' title='bbox 403 761 453 805; x_wconf 89' lang='lat' dir='ltr'><strong>et</strong></span> <span class='ocrx_word' id='word_1_48' title='bbox 492 757 674 805; x_wconf 83' lang='lat' dir='ltr'><strong>sesami</strong></span> <span class='ocrx_word' id='word_1_49' title='bbox 714 755 829 804; x_wconf 87' lang='lat' dir='ltr'><strong>folia</strong></span> <span class='ocrx_word' id='word_1_50' title='bbox 867 756 944 806; x_wconf 91' lang='lat' dir='ltr'><strong>vel</strong></span> <span class='ocrx_word' id='word_1_51' title='bbox 983 758 1147 822; x_wconf 90' lang='lat' dir='ltr'><strong>ipsum</strong></span> <span class='ocrx_word' id='word_1_52' title='bbox 1184 758 1357 805; x_wconf 89' lang='lat' dir='ltr'><strong>tritum</strong></span> <span class='ocrx_word' id='word_1_53' title='bbox 1390 763 1439 806; x_wconf 92' lang='lat' dir='ltr'><strong>et</strong></span> <span class='ocrx_word' id='word_1_54' title='bbox 1471 760 1763 823; x_wconf 87' lang='lat' dir='ltr'><strong>appositum.</strong></span> <span class='ocrx_word' id='word_1_55' title='bbox 1819 766 1869 810; x_wconf 86' lang='lat' dir='ltr'><strong>et</strong></span> 
     </span>
     <span class='ocr_line' id='line_1_13' title="bbox 171 829 1950 898; baseline 0.003 -20"><span class='ocrx_word' id='word_1_56' title='bbox 171 829 300 879; x_wconf 89' lang='lat' dir='ltr'><strong>lauri</strong></span> <span class='ocrx_word' id='word_1_57' title='bbox 339 829 455 879; x_wconf 89' lang='lat' dir='ltr'><strong>folia</strong></span> <span class='ocrx_word' id='word_1_58' title='bbox 493 830 719 879; x_wconf 84' lang='lat' dir='ltr'><strong>molliora</strong></span> <span class='ocrx_word' id='word_1_59' title='bbox 758 831 873 879; x_wconf 89' lang='lat' dir='ltr'><strong>trita</strong></span> <span class='ocrx_word' id='word_1_60' title='bbox 913 846 1026 880; x_wconf 92' lang='lat' dir='ltr'><strong>cum</strong></span> <span class='ocrx_word' id='word_1_61' title='bbox 1065 833 1179 880; x_wconf 92' lang='lat' dir='ltr'><strong>vino</strong></span> <span class='ocrx_word' id='word_1_62' title='bbox 1218 832 1358 895; x_wconf 84' lang='lat' dir='ltr'><strong>potui</strong></span> <span class='ocrx_word' id='word_1_63' title='bbox 1397 831 1508 880; x_wconf 89' lang='lat' dir='ltr'><strong>data</strong></span> <span class='ocrx_word' id='word_1_64' title='bbox 1547 847 1694 898; x_wconf 88' lang='lat' dir='ltr'><strong>saepe</strong></span> <span class='ocrx_word' id='word_1_65' title='bbox 1727 849 1868 883; x_wconf 87' lang='lat' dir='ltr'><strong>cura-</strong></span> <span class='ocrx_word' id='word_1_66' title='bbox 1946 881 1950 888; x_wconf 80' lang='grc'>,</span> 
     </span>
     <span class='ocr_line' id='line_1_14' title="bbox 171 910 362 953; baseline 0.003 -1"><span class='ocrx_word' id='word_1_67' title='bbox 171 910 362 953; x_wconf 83' lang='lat' dir='ltr'><strong>verunt.</strong></span> 
     </span>
     <span class='ocr_line' id='line_1_15' title="bbox 321 978 1950 1052; baseline 0.003 -26"><span class='ocrx_word' id='word_1_68' title='bbox 321 979 639 1042; x_wconf 83' lang='lat' dir='ltr'><strong>scorpionum</strong></span> <span class='ocrx_word' id='word_1_69' title='bbox 678 993 795 1026; x_wconf 92' lang='lat' dir='ltr'><strong>vero</strong></span> <span class='ocrx_word' id='word_1_70' title='bbox 842 993 1112 1042; x_wconf 84' lang='lat' dir='ltr'><strong>percussus</strong></span> <span class='ocrx_word' id='word_1_71' title='bbox 1161 978 1286 1028; x_wconf 90' lang='lat' dir='ltr'><strong>sales</strong></span> <span class='ocrx_word' id='word_1_72' title='bbox 1335 978 1470 1028; x_wconf 88' lang='lat' dir='ltr'><strong>fricti</strong></span> <span class='ocrx_word' id='word_1_73' title='bbox 1516 984 1566 1028; x_wconf 84' lang='lat' dir='ltr'><strong>et</strong></span> <span class='ocrx_word' id='word_1_74' title='bbox 1605 994 1718 1029; x_wconf 93' lang='lat' dir='ltr'><strong>cum</strong></span> <span class='ocrx_word' id='word_1_75' title='bbox 1758 980 1867 1031; x_wconf 91' lang='lat' dir='ltr'><strong>oleo</strong></span> <span class='ocrx_word' id='word_1_76' title='bbox 1930 982 1950 1052; x_wconf 32' lang='grc' dir='ltr'><strong>ἧς</strong></span> 
     </span>
     <span class='ocr_line' id='line_1_16' title="bbox 173 1051 1865 1117; baseline 0.002 -17"><span class='ocrx_word' id='word_1_77' title='bbox 173 1053 375 1101; x_wconf 84' lang='lat' dir='ltr'><strong>contriti</strong></span> <span class='ocrx_word' id='word_1_78' title='bbox 435 1051 543 1101; x_wconf 93' lang='lat' dir='ltr'><strong>loco</strong></span> <span class='ocrx_word' id='word_1_79' title='bbox 605 1053 819 1117; x_wconf 85' lang='lat' dir='ltr'><strong>appositi</strong></span> <span class='ocrx_word' id='word_1_80' title='bbox 877 1059 1186 1102; x_wconf 86' lang='lat' dir='ltr'><strong>curaverunt.</strong></span> <span class='ocrx_word' id='word_1_81' title='bbox 1273 1058 1323 1101; x_wconf 84' lang='lat' dir='ltr'><strong>et</strong></span> <span class='ocrx_word' id='word_1_82' title='bbox 1376 1054 1501 1102; x_wconf 90' lang='lat' dir='ltr'><strong>cinis</strong></span> <span class='ocrx_word' id='word_1_83' title='bbox 1559 1069 1672 1102; x_wconf 91' lang='lat' dir='ltr'><strong>cum</strong></span> <span class='ocrx_word' id='word_1_84' title='bbox 1726 1061 1865 1104; x_wconf 89' lang='lat' dir='ltr'><strong>aceto</strong></span> 
     </span>
     <span class='ocr_line' id='line_1_17' title="bbox 169 1126 1943 1192; baseline 0.002 -18"><span class='ocrx_word' id='word_1_85' title='bbox 169 1127 354 1175; x_wconf 86' lang='lat' dir='ltr'><strong>mixtus</strong></span> <span class='ocrx_word' id='word_1_86' title='bbox 394 1131 444 1174; x_wconf 87' lang='lat' dir='ltr'><strong>et</strong></span> <span class='ocrx_word' id='word_1_87' title='bbox 482 1127 744 1190; x_wconf 82' lang='lat' dir='ltr'><strong>impositus</strong></span> <span class='ocrx_word' id='word_1_88' title='bbox 786 1126 1016 1175; x_wconf 89' lang='lat' dir='ltr'><strong>similiter</strong></span> <span class='ocrx_word' id='word_1_89' title='bbox 1053 1128 1254 1192; x_wconf 87' lang='lat' dir='ltr'><strong>profuit.</strong></span> <span class='ocrx_word' id='word_1_90' title='bbox 1333 1132 1383 1176; x_wconf 90' lang='lat' dir='ltr'><strong>et</strong></span> <span class='ocrx_word' id='word_1_91' title='bbox 1422 1126 1573 1176; x_wconf 91' lang='lat' dir='ltr'><strong>alium</strong></span> <span class='ocrx_word' id='word_1_92' title='bbox 1609 1143 1722 1177; x_wconf 93' lang='lat' dir='ltr'><strong>cum</strong></span> <span class='ocrx_word' id='word_1_93' title='bbox 1755 1128 1864 1179; x_wconf 93' lang='lat' dir='ltr'><strong>oleo</strong></span> <span class='ocrx_word' id='word_1_94' title='bbox 1942 1138 1943 1141; x_wconf 77' lang='grc'>’</span> 
     </span>
     <span class='ocr_line' id='line_1_18' title="bbox 167 1195 1942 1266; baseline 0.002 -18"><span class='ocrx_word' id='word_1_95' title='bbox 167 1195 365 1266; x_wconf 75' lang='lat' dir='ltr'><strong>tritum,</strong></span> <span class='ocrx_word' id='word_1_96' title='bbox 420 1206 471 1248; x_wconf 87' lang='lat' dir='ltr'><strong>et</strong></span> <span class='ocrx_word' id='word_1_97' title='bbox 517 1201 776 1264; x_wconf 87' lang='lat' dir='ltr'><strong>origanum</strong></span> <span class='ocrx_word' id='word_1_98' title='bbox 830 1216 943 1249; x_wconf 91' lang='lat' dir='ltr'><strong>cum</strong></span> <span class='ocrx_word' id='word_1_99' title='bbox 998 1207 1137 1250; x_wconf 83' lang='lat' dir='ltr'><strong>aceto</strong></span> <span class='ocrx_word' id='word_1_100' title='bbox 1185 1206 1380 1251; x_wconf 84' lang='lat' dir='ltr'><strong>coctum</strong></span> <span class='ocrx_word' id='word_1_101' title='bbox 1426 1207 1475 1250; x_wconf 87' lang='lat' dir='ltr'><strong>et</strong></span> <span class='ocrx_word' id='word_1_102' title='bbox 1521 1200 1582 1250; x_wconf 93' lang='lat' dir='ltr'><strong>de</strong></span> <span class='ocrx_word' id='word_1_103' title='bbox 1630 1201 1865 1252; x_wconf 86' lang='lat' dir='ltr'><strong>cantabro</strong></span> <span class='ocrx_word' id='word_1_104' title='bbox 1940 1236 1942 1238; x_wconf 95' lang='lat'>-</span> 
     </span>
     <span class='ocr_line' id='line_1_19' title="bbox 167 1273 1865 1326; baseline 0.002 -4"><span class='ocrx_word' id='word_1_105' title='bbox 167 1289 281 1323; x_wconf 90' lang='lat' dir='ltr'><strong>cum</strong></span> <span class='ocrx_word' id='word_1_106' title='bbox 321 1279 459 1323; x_wconf 86' lang='lat' dir='ltr'><strong>aceto</strong></span> <span class='ocrx_word' id='word_1_107' title='bbox 500 1279 638 1323; x_wconf 84' lang='lat' dir='ltr'><strong>cocto</strong></span> <span class='ocrx_word' id='word_1_108' title='bbox 694 1273 882 1323; x_wconf 88' lang='lat' dir='ltr'><strong>calidus</strong></span> <span class='ocrx_word' id='word_1_109' title='bbox 930 1275 1168 1324; x_wconf 91' lang='lat' dir='ltr'><strong>saccellus</strong></span> <span class='ocrx_word' id='word_1_110' title='bbox 1216 1276 1448 1324; x_wconf 91' lang='lat' dir='ltr'><strong>continuo</strong></span> <span class='ocrx_word' id='word_1_111' title='bbox 1494 1275 1736 1326; x_wconf 84' lang='lat' dir='ltr'><strong>medetur.</strong></span> <span class='ocrx_word' id='word_1_112' title='bbox 1814 1283 1865 1326; x_wconf 93' lang='lat' dir='ltr'><strong>et</strong></span> 
     </span>
     <span class='ocr_line' id='line_1_20' title="bbox 165 1349 1860 1415; baseline 0.002 -19"><span class='ocrx_word' id='word_1_113' title='bbox 165 1363 370 1414; x_wconf 88' lang='lat' dir='ltr'><strong>porrum</strong></span> <span class='ocrx_word' id='word_1_114' title='bbox 411 1349 584 1396; x_wconf 82' lang='lat' dir='ltr'><strong>tritum</strong></span> <span class='ocrx_word' id='word_1_115' title='bbox 631 1350 939 1415; x_wconf 82' lang='lat' dir='ltr'><strong>impositum,</strong></span> <span class='ocrx_word' id='word_1_116' title='bbox 987 1355 1036 1398; x_wconf 84' lang='lat' dir='ltr'><strong>et</strong></span> <span class='ocrx_word' id='word_1_117' title='bbox 1082 1349 1309 1398; x_wconf 86' lang='lat' dir='ltr'><strong>sardinae</strong></span> <span class='ocrx_word' id='word_1_118' title='bbox 1354 1351 1526 1415; x_wconf 84' lang='lat' dir='ltr'><strong>tritae,</strong></span> <span class='ocrx_word' id='word_1_119' title='bbox 1572 1355 1621 1398; x_wconf 89' lang='lat' dir='ltr'><strong>et</strong></span> <span class='ocrx_word' id='word_1_120' title='bbox 1667 1356 1860 1401; x_wconf 87' lang='lat' dir='ltr'><strong>murtae</strong></span> 
     </span>
    </p>
   </div>
   <div class='ocr_carea' id='block_1_9' title="bbox 163 1489 1942 1609">
    <p class='ocr_par' dir='ltr' id='par_1_9' title="bbox 163 1489 1942 1609">
     <span class='ocr_line' id='line_1_21' title="bbox 286 1489 1858 1548; baseline 0.004 -15"><span class='ocrx_word' id='word_1_121' title='bbox 286 1495 308 1533; x_wconf 90' lang='lat'>1</span> <span class='ocrx_word' id='word_1_122' title='bbox 344 1489 579 1534; x_wconf 79' lang='lat' dir='ltr'><strong>adhibebo</strong></span> <span class='ocrx_word' id='word_1_123' title='bbox 613 1491 680 1545; x_wconf 91' lang='lat' dir='ltr'><strong>(et</strong></span> <span class='ocrx_word' id='word_1_124' title='bbox 710 1492 816 1535; x_wconf 83' lang='lat' dir='ltr'><strong>add.</strong></span> <span class='ocrx_word' id='word_1_125' title='bbox 850 1492 890 1547; x_wconf 83' lang='lat' dir='ltr'><strong>c)</strong></span> <span class='ocrx_word' id='word_1_126' title='bbox 923 1492 993 1536; x_wconf 83' lang='lat' dir='ltr'><strong>bc.</strong></span> <span class='ocrx_word' id='word_1_127' title='bbox 1176 1490 1361 1548; x_wconf 86' lang='lat' dir='ltr'><strong>aptiora</strong></span> <span class='ocrx_word' id='word_1_128' title='bbox 1390 1491 1491 1536; x_wconf 70' lang='lat' dir='ltr'><strong>rB:</strong></span> <span class='ocrx_word' id='word_1_129' title='bbox 1523 1490 1758 1548; x_wconf 87' lang='lat' dir='ltr'><strong>tepidiora</strong></span> <span class='ocrx_word' id='word_1_130' title='bbox 1788 1494 1858 1539; x_wconf 88' lang='lat' dir='ltr'><strong>be.</strong></span> 
     </span>
     <span class='ocr_line' id='line_1_22' title="bbox 163 1549 1942 1609; baseline 0.002 -17"><span class='ocrx_word' id='word_1_131' title='bbox 163 1551 212 1593; x_wconf 87' lang='lat' dir='ltr'><strong>et</strong></span> <span class='ocrx_word' id='word_1_132' title='bbox 242 1563 299 1593; x_wconf 86' lang='lat' dir='ltr'><strong>ex</strong></span> <span class='ocrx_word' id='word_1_133' title='bbox 328 1549 513 1593; x_wconf 83' lang='lat' dir='ltr'><strong>hisdem</strong></span> <span class='ocrx_word' id='word_1_134' title='bbox 536 1549 704 1607; x_wconf 86' lang='lat' dir='ltr'><strong>(isdem</strong></span> <span class='ocrx_word' id='word_1_135' title='bbox 719 1550 782 1606; x_wconf 91' lang='lat' dir='ltr'><strong>B)</strong></span> <span class='ocrx_word' id='word_1_136' title='bbox 808 1550 1007 1607; x_wconf 86' lang='lat' dir='ltr'><strong>desuper</strong></span> <span class='ocrx_word' id='word_1_137' title='bbox 1028 1552 1185 1608; x_wconf 89' lang='lat' dir='ltr'><strong>(super</strong></span> <span class='ocrx_word' id='word_1_138' title='bbox 1207 1552 1248 1607; x_wconf 81' lang='lat' dir='ltr'><strong>r)</strong></span> <span class='ocrx_word' id='word_1_139' title='bbox 1279 1551 1383 1595; x_wconf 81' lang='lat' dir='ltr'><strong>rB:</strong></span> <span class='ocrx_word' id='word_1_140' title='bbox 1417 1551 1465 1593; x_wconf 90' lang='lat' dir='ltr'><strong>et</strong></span> <span class='ocrx_word' id='word_1_141' title='bbox 1496 1549 1647 1594; x_wconf 89' lang='lat' dir='ltr'><strong>isdem</strong></span> <span class='ocrx_word' id='word_1_142' title='bbox 1679 1564 1860 1609; x_wconf 86' lang='lat' dir='ltr'><strong>semper</strong></span> <span class='ocrx_word' id='word_1_143' title='bbox 1940 1597 1942 1599; x_wconf 73' lang='grc'>,</span> 
     </span>
    </p>
   </div>
   <div class='ocr_carea' id='block_1_10' title="bbox 162 1608 1856 1727">
    <p class='ocr_par' dir='ltr' id='par_1_10' title="bbox 162 1608 1856 1727">
     <span class='ocr_line' id='line_1_23' title="bbox 164 1608 1856 1668; baseline 0.002 -15"><span class='ocrx_word' id='word_1_144' title='bbox 164 1611 279 1666; x_wconf 73' lang='lat' dir='ltr'><strong>(sep)</strong></span> <span class='ocrx_word' id='word_1_145' title='bbox 311 1608 749 1665; x_wconf 76' lang='lat' dir='ltr'><strong>cataplasmatibus.</strong></span> <span class='ocrx_word' id='word_1_146' title='bbox 951 1624 1004 1668; x_wconf 79' lang='lat' dir='ltr'><strong>sp</strong></span> <span class='ocrx_word' id='word_1_147' title='bbox 1029 1611 1228 1667; x_wconf 88' lang='lat' dir='ltr'><strong>(semper</strong></span> <span class='ocrx_word' id='word_1_148' title='bbox 1258 1623 1282 1654; x_wconf 90' lang='lat' dir='ltr'><strong>c</strong></span> <span class='ocrx_word' id='word_1_149' title='bbox 1304 1624 1394 1666; x_wconf 78' lang='lat' dir='ltr'><strong>pro</strong></span> <span class='ocrx_word' id='word_1_150' title='bbox 1427 1611 1553 1666; x_wconf 87' lang='lat' dir='ltr'><strong>sepe)</strong></span> <span class='ocrx_word' id='word_1_151' title='bbox 1583 1609 1769 1666; x_wconf 88' lang='lat' dir='ltr'><strong>requiro</strong></span> <span class='ocrx_word' id='word_1_152' title='bbox 1787 1612 1856 1657; x_wconf 87' lang='lat' dir='ltr'><strong>bc.</strong></span> 
     </span>
     <span class='ocr_line' id='line_1_24' title="bbox 162 1667 1855 1727; baseline 0.002 -16"><span class='ocrx_word' id='word_1_153' title='bbox 162 1667 336 1711; x_wconf 78' lang='lat' dir='ltr'><strong>etenim</strong></span> <span class='ocrx_word' id='word_1_154' title='bbox 367 1669 466 1712; x_wconf 75' lang='lat' dir='ltr'><strong>rB:</strong></span> <span class='ocrx_word' id='word_1_155' title='bbox 500 1667 626 1711; x_wconf 89' lang='lat' dir='ltr'><strong>enim</strong></span> <span class='ocrx_word' id='word_1_156' title='bbox 659 1669 728 1713; x_wconf 87' lang='lat' dir='ltr'><strong>bc.</strong></span> <span class='ocrx_word' id='word_1_157' title='bbox 883 1672 909 1711; x_wconf 92' lang='lat'><strong>3</strong></span> <span class='ocrx_word' id='word_1_158' title='bbox 935 1682 1078 1712; x_wconf 89' lang='lat' dir='ltr'><strong>causa</strong></span> <span class='ocrx_word' id='word_1_159' title='bbox 1108 1670 1413 1727; x_wconf 87' lang='lat' dir='ltr'><strong>permanente</strong></span> <span class='ocrx_word' id='word_1_160' title='bbox 1443 1670 1523 1713; x_wconf 77' lang='lat' dir='ltr'><strong>rb:</strong></span> <span class='ocrx_word' id='word_1_161' title='bbox 1558 1682 1728 1713; x_wconf 88' lang='lat' dir='ltr'><strong>causae</strong></span> <span class='ocrx_word' id='word_1_162' title='bbox 1750 1683 1855 1727; x_wconf 88' lang='lat' dir='ltr'><strong>per-</strong></span> 
     </span>
    </p>
   </div>
   <div class='ocr_carea' id='block_1_11' title="bbox 159 1726 1947 1785">
    <p class='ocr_par' dir='ltr' id='par_1_11' title="bbox 159 1726 1947 1785">
     <span class='ocr_line' id='line_1_25' title="bbox 159 1726 1947 1785; baseline 0.002 -16"><span class='ocrx_word' id='word_1_163' title='bbox 159 1726 371 1771; x_wconf 87' lang='lat' dir='ltr'><strong>manenti</strong></span> <span class='ocrx_word' id='word_1_164' title='bbox 402 1728 460 1771; x_wconf 87' lang='lat' dir='ltr'><strong>B.</strong></span> <span class='ocrx_word' id='word_1_165' title='bbox 586 1726 925 1770; x_wconf 91' lang='lat' dir='ltr'><strong>adiutoriorum</strong></span> <span class='ocrx_word' id='word_1_166' title='bbox 956 1729 1034 1772; x_wconf 87' lang='lat' dir='ltr'><strong>bc:</strong></span> <span class='ocrx_word' id='word_1_167' title='bbox 1069 1727 1356 1772; x_wconf 87' lang='lat' dir='ltr'><strong>adiutorium</strong></span> <span class='ocrx_word' id='word_1_168' title='bbox 1386 1729 1479 1772; x_wconf 73' lang='lat' dir='ltr'><strong>rB.</strong></span> <span class='ocrx_word' id='word_1_169' title='bbox 1602 1733 1630 1770; x_wconf 86' lang='lat'>4</span> <span class='ocrx_word' id='word_1_170' title='bbox 1654 1728 1723 1772; x_wconf 92' lang='lat' dir='ltr'><strong>De</strong></span> <span class='ocrx_word' id='word_1_171' title='bbox 1753 1742 1856 1785; x_wconf 88' lang='lat' dir='ltr'><strong>per·</strong></span> <span class='ocrx_word' id='word_1_172' title='bbox 1935 1731 1947 1765; x_wconf 78' lang='lat'><strong>·³‹</strong></span> 
     </span>
    </p>
   </div>
   <div class='ocr_carea' id='block_1_12' title="bbox 154 1785 1950 2022">
    <p class='ocr_par' dir='ltr' id='par_1_12' title="bbox 154 1785 1950 2022">
     <span class='ocr_line' id='line_1_26' title="bbox 161 1785 1858 1845; baseline 0.003 -16"><span class='ocrx_word' id='word_1_173' title='bbox 161 1786 307 1829; x_wconf 90' lang='lat' dir='ltr'><strong>cussis</strong></span> <span class='ocrx_word' id='word_1_174' title='bbox 333 1800 405 1843; x_wconf 89' lang='lat' dir='ltr'><strong>ap.</strong></span> <span class='ocrx_word' id='word_1_175' title='bbox 432 1785 508 1830; x_wconf 86' lang='lat' dir='ltr'><strong>vel</strong></span> <span class='ocrx_word' id='word_1_176' title='bbox 535 1799 595 1830; x_wconf 88' lang='lat' dir='ltr'><strong>sc.</strong></span> <span class='ocrx_word' id='word_1_177' title='bbox 623 1788 707 1830; x_wconf 89' lang='lat' dir='ltr'><strong>aut</strong></span> <span class='ocrx_word' id='word_1_178' title='bbox 730 1786 1016 1844; x_wconf 87' lang='lat' dir='ltr'><strong>serpentium</strong></span> <span class='ocrx_word' id='word_1_179' title='bbox 1047 1791 1113 1831; x_wconf 79' lang='lat' dir='ltr'><strong>sic</strong></span> <span class='ocrx_word' id='word_1_180' title='bbox 1145 1790 1213 1832; x_wconf 76' lang='lat' dir='ltr'><strong>tz‘t.</strong></span> <span class='ocrx_word' id='word_1_181' title='bbox 1238 1788 1370 1832; x_wconf 82' lang='lat' dir='ltr'><strong>habet</strong></span> <span class='ocrx_word' id='word_1_182' title='bbox 1396 1787 1492 1832; x_wconf 65' lang='grc' dir='ltr'><strong>θεῖ.</strong></span> <span class='ocrx_word' id='word_1_183' title='bbox 1518 1788 1571 1831; x_wconf 70' lang='lat' dir='ltr'><strong>in</strong></span> <span class='ocrx_word' id='word_1_184' title='bbox 1601 1789 1698 1832; x_wconf 76' lang='lat' dir='ltr'><strong>ind.</strong></span> <span class='ocrx_word' id='word_1_185' title='bbox 1716 1802 1858 1845; x_wconf 75' lang='lat' dir='ltr'><strong>prae-</strong></span> 
     </span>
     <span class='ocr_line' id='line_1_27' title="bbox 158 1844 1950 1903; baseline -0.001 -13"><span class='ocrx_word' id='word_1_186' title='bbox 158 1847 293 1890; x_wconf 78' lang='lat' dir='ltr'><strong>misso</strong></span> <span class='ocrx_word' id='word_1_187' title='bbox 311 1861 360 1902; x_wconf 74' lang='lat'><strong>10.</strong></span> <span class='ocrx_word' id='word_1_188' title='bbox 380 1850 422 1901; x_wconf 83' lang='lat'><strong>6,</strong></span> <span class='ocrx_word' id='word_1_189' title='bbox 469 1845 538 1889; x_wconf 93' lang='lat' dir='ltr'><strong>De</strong></span> <span class='ocrx_word' id='word_1_190' title='bbox 564 1859 637 1902; x_wconf 88' lang='lat' dir='ltr'><strong>ap.</strong></span> <span class='ocrx_word' id='word_1_191' title='bbox 657 1844 959 1889; x_wconf 88' lang='lat' dir='ltr'><strong>Percussibus</strong></span> <span class='ocrx_word' id='word_1_192' title='bbox 984 1845 1059 1889; x_wconf 88' lang='lat' dir='ltr'><strong>vel</strong></span> <span class='ocrx_word' id='word_1_193' title='bbox 1085 1846 1373 1903; x_wconf 88' lang='lat' dir='ltr'><strong>scorpiorum</strong></span> <span class='ocrx_word' id='word_1_194' title='bbox 1387 1847 1483 1903; x_wconf 82' lang='lat' dir='ltr'><strong>(sic)</strong></span> <span class='ocrx_word' id='word_1_195' title='bbox 1497 1845 1573 1890; x_wconf 89' lang='lat' dir='ltr'><strong>vel</strong></span> <span class='ocrx_word' id='word_1_196' title='bbox 1598 1848 1858 1891; x_wconf 88' lang='lat' dir='ltr'><strong>ceterorum</strong></span> <span class='ocrx_word' id='word_1_197' title='bbox 1930 1847 1950 1883; x_wconf 64' lang='grc' dir='ltr'><em>ἑ</em></span> 
     </span>
     <span class='ocr_line' id='line_1_28' title="bbox 158 1903 1856 1962; baseline 0.002 -15"><span class='ocrx_word' id='word_1_198' title='bbox 158 1903 445 1960; x_wconf 87' lang='lat' dir='ltr'><strong>serpentium</strong></span> <span class='ocrx_word' id='word_1_199' title='bbox 468 1904 619 1947; x_wconf 80' lang='lat' dir='ltr'>XXIII</span> <span class='ocrx_word' id='word_1_200' title='bbox 649 1905 707 1961; x_wconf 87' lang='lat' dir='ltr'><strong>B,</strong></span> <span class='ocrx_word' id='word_1_201' title='bbox 740 1905 808 1948; x_wconf 94' lang='lat' dir='ltr'><strong>De</strong></span> <span class='ocrx_word' id='word_1_202' title='bbox 832 1904 1209 1962; x_wconf 86' lang='lat' dir='ltr'><strong>percussionibus</strong></span> <span class='ocrx_word' id='word_1_203' title='bbox 1243 1919 1385 1962; x_wconf 89' lang='lat' dir='ltr'><strong>apum</strong></span> <span class='ocrx_word' id='word_1_204' title='bbox 1414 1904 1492 1949; x_wconf 84' lang='lat' dir='ltr'><strong>vel</strong></span> <span class='ocrx_word' id='word_1_205' title='bbox 1524 1919 1585 1950; x_wconf 90' lang='lat' dir='ltr'><strong>sc.</strong></span> <span class='ocrx_word' id='word_1_206' title='bbox 1620 1907 1704 1950; x_wconf 90' lang='lat' dir='ltr'><strong>aut</strong></span> <span class='ocrx_word' id='word_1_207' title='bbox 1735 1907 1856 1951; x_wconf 89' lang='lat' dir='ltr'><strong>cete—</strong></span> 
     </span>
     <span class='ocr_line' id='line_1_29' title="bbox 154 1962 1950 2022; baseline 0.003 -16"><span class='ocrx_word' id='word_1_208' title='bbox 154 1976 312 2006; x_wconf 85' lang='lat' dir='ltr'><strong>rorum</strong></span> <span class='ocrx_word' id='word_1_209' title='bbox 344 1962 629 2020; x_wconf 86' lang='lat' dir='ltr'><strong>serpentium</strong></span> <span class='ocrx_word' id='word_1_210' title='bbox 660 1979 705 2019; x_wconf 79' lang='lat' dir='ltr'><strong>r,</strong></span> <span class='ocrx_word' id='word_1_211' title='bbox 737 1963 806 2007; x_wconf 93' lang='lat' dir='ltr'><strong>De</strong></span> <span class='ocrx_word' id='word_1_212' title='bbox 837 1963 1215 2021; x_wconf 88' lang='lat' dir='ltr'><strong>percussionibus</strong></span> <span class='ocrx_word' id='word_1_213' title='bbox 1249 1965 1376 2021; x_wconf 88' lang='lat' dir='ltr'><strong>apud</strong></span> <span class='ocrx_word' id='word_1_214' title='bbox 1419 1964 1676 2020; x_wconf 87' lang='lat' dir='ltr'><strong>scorpionis</strong></span> <span class='ocrx_word' id='word_1_215' title='bbox 1702 1967 1783 2022; x_wconf 81' lang='lat' dir='ltr'><strong>(sic</strong></span> <span class='ocrx_word' id='word_1_216' title='bbox 1814 1967 1853 2021; x_wconf 91' lang='lat' dir='ltr'><strong>b,</strong></span> <span class='ocrx_word' id='word_1_217' title='bbox 1940 1963 1950 1993; x_wconf 49' lang='grc' dir='ltr'><em>ἒ</em></span> 
     </span>
    </p>
   </div>
   <div class='ocr_carea' id='block_1_13' title="bbox 154 2023 1851 2081">
    <p class='ocr_par' dir='ltr' id='par_1_13' title="bbox 154 2023 1950 2081">
     <span class='ocr_line' id='line_1_30' title="bbox 154 2023 1851 2081; baseline 0.001 -14"><span class='ocrx_word' id='word_1_218' title='bbox 154 2023 231 2067; x_wconf 82' lang='lat' dir='ltr'><strong>sed</strong></span> <span class='ocrx_word' id='word_1_219' title='bbox 262 2024 314 2066; x_wconf 74' lang='lat' dir='ltr'><strong>in</strong></span> <span class='ocrx_word' id='word_1_220' title='bbox 344 2024 440 2066; x_wconf 75' lang='lat' dir='ltr'><strong>ind.</strong></span> <span class='ocrx_word' id='word_1_221' title='bbox 475 2024 726 2078; x_wconf 73' lang='lat' dir='ltr'><strong>praemisso</strong></span> <span class='ocrx_word' id='word_1_222' title='bbox 770 2023 838 2066; x_wconf 93' lang='lat' dir='ltr'><strong>De</strong></span> <span class='ocrx_word' id='word_1_223' title='bbox 877 2036 1100 2080; x_wconf 88' lang='lat' dir='ltr'><strong>percussu</strong></span> <span class='ocrx_word' id='word_1_224' title='bbox 1139 2038 1281 2080; x_wconf 91' lang='lat' dir='ltr'><strong>apum</strong></span> <span class='ocrx_word' id='word_1_225' title='bbox 1313 2024 1361 2067; x_wconf 93' lang='lat' dir='ltr'><strong>et</strong></span> <span class='ocrx_word' id='word_1_226' title='bbox 1392 2036 1453 2067; x_wconf 90' lang='lat' dir='ltr'><strong>sc.</strong></span> <span class='ocrx_word' id='word_1_227' title='bbox 1488 2024 1632 2078; x_wconf 89' lang='lat' dir='ltr'><strong>atque</strong></span> <span class='ocrx_word' id='word_1_228' title='bbox 1665 2037 1851 2081; x_wconf 89' lang='lat' dir='ltr'><strong>serpen-</strong></span> 
     </span>
    </p>
   </div>
   <div class='ocr_carea' id='block_1_14' title="bbox 143 2080 1950 2965">
    <p class='ocr_par' dir='ltr' id='par_1_14' title="bbox 150 2080 1950 2494">
     <span class='ocr_line' id='line_1_31' title="bbox 152 2080 1950 2138; baseline 0.003 -14"><span class='ocrx_word' id='word_1_229' title='bbox 152 2080 273 2125; x_wconf 89' lang='lat' dir='ltr'><strong>tium</strong></span> <span class='ocrx_word' id='word_1_230' title='bbox 305 2083 378 2138; x_wconf 89' lang='lat'><strong>(=</strong></span> <span class='ocrx_word' id='word_1_231' title='bbox 405 2082 465 2137; x_wconf 88' lang='lat' dir='ltr'><strong>c),</strong></span> <span class='ocrx_word' id='word_1_232' title='bbox 498 2083 577 2138; x_wconf 73' lang='lat' dir='ltr'><strong>qui</strong></span> <span class='ocrx_word' id='word_1_233' title='bbox 609 2083 671 2125; x_wconf 84' lang='lat' dir='ltr'><strong>ad</strong></span> <span class='ocrx_word' id='word_1_234' title='bbox 694 2087 941 2127; x_wconf 76' lang='lat' dir='ltr'><strong>extremum</strong></span> <span class='ocrx_word' id='word_1_235' title='bbox 966 2084 1132 2127; x_wconf 74' lang='lat' dir='ltr'><strong>librum</strong></span> <span class='ocrx_word' id='word_1_236' title='bbox 1162 2085 1283 2127; x_wconf 72' lang='lat' dir='ltr'><strong>inter</strong></span> <span class='ocrx_word' id='word_1_237' title='bbox 1313 2083 1644 2138; x_wconf 73' lang='lat' dir='ltr'><strong>appendiculas</strong></span> <span class='ocrx_word' id='word_1_238' title='bbox 1674 2085 1845 2129; x_wconf 81' lang='lat' dir='ltr'><strong>abiecto</strong></span> <span class='ocrx_word' id='word_1_239' title='bbox 1935 2093 1950 2114; x_wconf 75' lang='lat'><strong>·‘·&#39;</strong></span> 
     </span>
     <span class='ocr_line' id='line_1_32' title="bbox 151 2140 1845 2200; baseline 0.002 -16"><span class='ocrx_word' id='word_1_240' title='bbox 151 2141 233 2185; x_wconf 82' lang='lat' dir='ltr'><strong>hoc</strong></span> <span class='ocrx_word' id='word_1_241' title='bbox 265 2141 467 2197; x_wconf 76' lang='lat' dir='ltr'><strong>capitulo</strong></span> <span class='ocrx_word' id='word_1_242' title='bbox 499 2142 654 2185; x_wconf 77' lang='lat' dir='ltr'><strong>statim</strong></span> <span class='ocrx_word' id='word_1_243' title='bbox 683 2155 714 2184; x_wconf 89' lang='lat' dir='ltr'><strong>a</strong></span> <span class='ocrx_word' id='word_1_244' title='bbox 745 2155 842 2197; x_wconf 76' lang='lat' dir='ltr'><strong>cap.</strong></span> <span class='ocrx_word' id='word_1_245' title='bbox 867 2145 929 2185; x_wconf 81' lang='lat'><strong>23</strong></span> <span class='ocrx_word' id='word_1_246' title='bbox 960 2144 1131 2187; x_wconf 71' lang='lat' dir='ltr'><strong>transit</strong></span> <span class='ocrx_word' id='word_1_247' title='bbox 1161 2143 1223 2186; x_wconf 84' lang='lat' dir='ltr'><strong>ad</strong></span> <span class='ocrx_word' id='word_1_248' title='bbox 1257 2145 1322 2187; x_wconf 78' lang='lat'><strong>25</strong></span> <span class='ocrx_word' id='word_1_249' title='bbox 1344 2140 1602 2184; x_wconf 88' lang='lat' dir='ltr'><strong>Titimalli.</strong></span> <span class='ocrx_word' id='word_1_250' title='bbox 1627 2178 1635 2186; x_wconf 96' lang='lat'><strong>.</strong></span> <span class='ocrx_word' id='word_1_251' title='bbox 1657 2177 1666 2186; x_wconf 91' lang='lat'><strong>.</strong></span> <span class='ocrx_word' id='word_1_252' title='bbox 1692 2143 1762 2198; x_wconf 79' lang='lat' dir='ltr'><strong>(ut</strong></span> <span class='ocrx_word' id='word_1_253' title='bbox 1792 2144 1845 2200; x_wconf 85' lang='lat' dir='ltr'><strong>c).</strong></span> 
     </span>
     <span class='ocr_line' id='line_1_33' title="bbox 153 2198 1950 2259; baseline 0.002 -17"><span class='ocrx_word' id='word_1_254' title='bbox 153 2203 179 2242; x_wconf 88' lang='grc'>6</span> <span class='ocrx_word' id='word_1_255' title='bbox 211 2198 434 2256; x_wconf 89' lang='lat' dir='ltr'><strong>imposita</strong></span> <span class='ocrx_word' id='word_1_256' title='bbox 458 2211 499 2243; x_wconf 87' lang='lat' dir='ltr'><strong>c:</strong></span> <span class='ocrx_word' id='word_1_257' title='bbox 523 2213 558 2243; x_wconf 90' lang='lat' dir='ltr'><strong>c.</strong></span> <span class='ocrx_word' id='word_1_258' title='bbox 585 2200 685 2243; x_wconf 79' lang='lat' dir='ltr'><strong>rB:</strong></span> <span class='ocrx_word' id='word_1_259' title='bbox 717 2199 833 2243; x_wconf 90' lang='lat' dir='ltr'><strong>trita</strong></span> <span class='ocrx_word' id='word_1_260' title='bbox 865 2201 913 2243; x_wconf 92' lang='lat' dir='ltr'><strong>et</strong></span> <span class='ocrx_word' id='word_1_261' title='bbox 942 2200 1119 2257; x_wconf 81' lang='lat' dir='ltr'><strong>iposita</strong></span> <span class='ocrx_word' id='word_1_262' title='bbox 1151 2200 1253 2245; x_wconf 90' lang='lat' dir='ltr'><strong>sola</strong></span> <span class='ocrx_word' id='word_1_263' title='bbox 1284 2201 1450 2244; x_wconf 90' lang='lat' dir='ltr'><strong>curant</strong></span> <span class='ocrx_word' id='word_1_264' title='bbox 1473 2202 1511 2245; x_wconf 93' lang='lat' dir='ltr'><strong>b.</strong></span> <span class='ocrx_word' id='word_1_265' title='bbox 1627 2206 1651 2245; x_wconf 83' lang='lat'>7</span> <span class='ocrx_word' id='word_1_266' title='bbox 1684 2200 1847 2246; x_wconf 86' lang='lat' dir='ltr'><strong>sisami</strong></span> <span class='ocrx_word' id='word_1_267' title='bbox 1932 2203 1950 2259; x_wconf 48' lang='grc' dir='ltr'><strong>’ἡ</strong></span> 
     </span>
     <span class='ocr_line' id='line_1_34' title="bbox 151 2257 1950 2316; baseline 0.001 -13"><span class='ocrx_word' id='word_1_268' title='bbox 151 2259 278 2303; x_wconf 76' lang='lat' dir='ltr'><strong>rbB.</strong></span> <span class='ocrx_word' id='word_1_269' title='bbox 460 2257 616 2315; x_wconf 90' lang='lat' dir='ltr'><strong>ipsum</strong></span> <span class='ocrx_word' id='word_1_270' title='bbox 656 2257 880 2302; x_wconf 91' lang='lat' dir='ltr'><strong>sisamum</strong></span> <span class='ocrx_word' id='word_1_271' title='bbox 916 2259 1082 2310; x_wconf 85' lang='lat' dir='ltr'><strong>tritum</strong></span> <span class='ocrx_word' id='word_1_272' title='bbox 1120 2261 1168 2304; x_wconf 90' lang='lat' dir='ltr'><strong>et</strong></span> <span class='ocrx_word' id='word_1_273' title='bbox 1204 2259 1479 2316; x_wconf 88' lang='lat' dir='ltr'><strong>impositum</strong></span> <span class='ocrx_word' id='word_1_274' title='bbox 1517 2261 1557 2304; x_wconf 90' lang='lat' dir='ltr'><strong>b.</strong></span> <span class='ocrx_word' id='word_1_275' title='bbox 1739 2274 1846 2305; x_wconf 87' lang='lat' dir='ltr'><strong>con·</strong></span> <span class='ocrx_word' id='word_1_276' title='bbox 1933 2262 1950 2292; x_wconf 56' lang='lat'><strong>&#39;2¹-</strong></span> 
     </span>
     <span class='ocr_line' id='line_1_35' title="bbox 150 2317 1935 2375; baseline 0.001 -13"><span class='ocrx_word' id='word_1_277' title='bbox 150 2317 318 2362; x_wconf 85' lang='lat' dir='ltr'><strong>tritum</strong></span> <span class='ocrx_word' id='word_1_278' title='bbox 348 2332 385 2363; x_wconf 82' lang='lat' dir='ltr'><strong>r.</strong></span> <span class='ocrx_word' id='word_1_279' title='bbox 508 2318 555 2361; x_wconf 92' lang='lat' dir='ltr'><strong>et</strong></span> <span class='ocrx_word' id='word_1_280' title='bbox 585 2317 742 2375; x_wconf 88' lang='lat' dir='ltr'><strong>(lauri)</strong></span> <span class='ocrx_word' id='word_1_281' title='bbox 774 2319 873 2363; x_wconf 72' lang='lat' dir='ltr'><strong>rBz</strong></span> <span class='ocrx_word' id='word_1_282' title='bbox 906 2317 1020 2362; x_wconf 88' lang='lat' dir='ltr'><strong>item</strong></span> <span class='ocrx_word' id='word_1_283' title='bbox 1053 2320 1091 2363; x_wconf 94' lang='lat' dir='ltr'><strong>b.</strong></span> <span class='ocrx_word' id='word_1_284' title='bbox 1217 2323 1241 2363; x_wconf 83' lang='lat'><strong>7</strong></span> <span class='ocrx_word' id='word_1_285' title='bbox 1266 2318 1471 2363; x_wconf 89' lang='lat' dir='ltr'><strong>contrita</strong></span> <span class='ocrx_word' id='word_1_286' title='bbox 1501 2334 1538 2363; x_wconf 79' lang='lat' dir='ltr'><strong>r.</strong></span> <span class='ocrx_word' id='word_1_287' title='bbox 1664 2323 1689 2362; x_wconf 88' lang='lat'>9</span> <span class='ocrx_word' id='word_1_288' title='bbox 1722 2319 1846 2364; x_wconf 85' lang='lat' dir='ltr'><strong>sales</strong></span> <span class='ocrx_word' id='word_1_289' title='bbox 1932 2343 1935 2349; x_wconf 93' lang='lat'><em>·</em></span> 
     </span>
     <span class='ocr_line' id='line_1_36' title="bbox 150 2375 1931 2436; baseline 0.003 -16"><span class='ocrx_word' id='word_1_290' title='bbox 150 2376 260 2420; x_wconf 88' lang='lat' dir='ltr'><strong>frixi</strong></span> <span class='ocrx_word' id='word_1_291' title='bbox 291 2377 387 2433; x_wconf 87' lang='lat' dir='ltr'><strong>Bb,</strong></span> <span class='ocrx_word' id='word_1_292' title='bbox 421 2375 540 2420; x_wconf 87' lang='lat' dir='ltr'><strong>salix</strong></span> <span class='ocrx_word' id='word_1_293' title='bbox 570 2375 693 2420; x_wconf 82' lang='lat' dir='ltr'><strong>fraxi</strong></span> <span class='ocrx_word' id='word_1_294' title='bbox 725 2380 848 2433; x_wconf 91' lang='lat' dir='ltr'><strong>(cum</strong></span> <span class='ocrx_word' id='word_1_295' title='bbox 881 2378 942 2434; x_wconf 94' lang='lat' dir='ltr'><strong>o.)</strong></span> <span class='ocrx_word' id='word_1_296' title='bbox 971 2393 1010 2422; x_wconf 75' lang='lat' dir='ltr'><strong>r.</strong></span> <span class='ocrx_word' id='word_1_297' title='bbox 1202 2383 1258 2422; x_wconf 89' lang='lat'><strong>10</strong></span> <span class='ocrx_word' id='word_1_298' title='bbox 1291 2377 1481 2422; x_wconf 89' lang='lat' dir='ltr'><strong>contriti</strong></span> <span class='ocrx_word' id='word_1_299' title='bbox 1512 2378 1641 2435; x_wconf 88' lang='lat' dir='ltr'><strong>(—ta</strong></span> <span class='ocrx_word' id='word_1_300' title='bbox 1671 2379 1714 2436; x_wconf 73' lang='lat' dir='ltr'><strong>r)</strong></span> <span class='ocrx_word' id='word_1_301' title='bbox 1744 2380 1845 2426; x_wconf 80' lang='lat' dir='ltr'><strong>rB:</strong></span> <span class='ocrx_word' id='word_1_302' title='bbox 1929 2378 1931 2382; x_wconf 50' lang='lat'><strong><em>⁴</em></strong></span> 
     </span>
     <span class='ocr_line' id='line_1_37' title="bbox 151 2435 1722 2494; baseline 0.001 -13"><span class='ocrx_word' id='word_1_303' title='bbox 151 2450 234 2481; x_wconf 86' lang='lat' dir='ltr'><strong>om.</strong></span> <span class='ocrx_word' id='word_1_304' title='bbox 269 2437 308 2481; x_wconf 90' lang='lat' dir='ltr'><strong>b.</strong></span> <span class='ocrx_word' id='word_1_305' title='bbox 498 2440 551 2479; x_wconf 89' lang='lat'><strong>11</strong></span> <span class='ocrx_word' id='word_1_306' title='bbox 586 2435 803 2479; x_wconf 87' lang='lat' dir='ltr'><strong>similiter</strong></span> <span class='ocrx_word' id='word_1_307' title='bbox 832 2436 1010 2493; x_wconf 86' lang='lat' dir='ltr'><strong>profuit</strong></span> <span class='ocrx_word' id='word_1_308' title='bbox 1040 2451 1084 2481; x_wconf 79' lang='lat' dir='ltr'><strong>r:</strong></span> <span class='ocrx_word' id='word_1_309' title='bbox 1119 2436 1337 2482; x_wconf 88' lang='lat' dir='ltr'><strong>similiter</strong></span> <span class='ocrx_word' id='word_1_310' title='bbox 1367 2438 1426 2494; x_wconf 89' lang='lat' dir='ltr'><strong>B,</strong></span> <span class='ocrx_word' id='word_1_311' title='bbox 1459 2436 1653 2494; x_wconf 88' lang='lat' dir='ltr'><strong>prodest</strong></span> <span class='ocrx_word' id='word_1_312' title='bbox 1684 2439 1722 2482; x_wconf 94' lang='lat' dir='ltr'><strong>b.</strong></span> 
     </span>
    </p>

    <p class='ocr_par' dir='ltr' id='par_1_15' title="bbox 143 2495 1925 2965">
     <span class='ocr_line' id='line_1_38' title="bbox 152 2495 1925 2553; baseline 0.001 -14"><span class='ocrx_word' id='word_1_313' title='bbox 152 2500 207 2539; x_wconf 84' lang='lat'><strong>12</strong></span> <span class='ocrx_word' id='word_1_314' title='bbox 247 2496 432 2539; x_wconf 89' lang='lat' dir='ltr'><strong>coctum</strong></span> <span class='ocrx_word' id='word_1_315' title='bbox 463 2496 511 2538; x_wconf 91' lang='lat' dir='ltr'><strong>et</strong></span> <span class='ocrx_word' id='word_1_316' title='bbox 552 2495 609 2540; x_wconf 89' lang='lat' dir='ltr'><strong>de</strong></span> <span class='ocrx_word' id='word_1_317' title='bbox 649 2495 874 2540; x_wconf 89' lang='lat' dir='ltr'><strong>cantabro</strong></span> <span class='ocrx_word' id='word_1_318' title='bbox 915 2495 1142 2540; x_wconf 86' lang='lat' dir='ltr'><strong>saccellus</strong></span> <span class='ocrx_word' id='word_1_319' title='bbox 1183 2511 1289 2540; x_wconf 91' lang='lat' dir='ltr'><strong>cum</strong></span> <span class='ocrx_word' id='word_1_320' title='bbox 1328 2496 1501 2540; x_wconf 87' lang='lat' dir='ltr'><strong>sacello</strong></span> <span class='ocrx_word' id='word_1_321' title='bbox 1535 2498 1634 2553; x_wconf 83' lang='lat' dir='ltr'><strong>(sic)</strong></span> <span class='ocrx_word' id='word_1_322' title='bbox 1666 2497 1841 2543; x_wconf 88' lang='lat' dir='ltr'><strong>coctus.</strong></span> <span class='ocrx_word' id='word_1_323' title='bbox 1924 2511 1925 2515; x_wconf 50' lang='lat'>¹</span> 
     </span>
     <span class='ocr_line' id='line_1_39' title="bbox 150 2554 1843 2613; baseline 0.001 -15"><span class='ocrx_word' id='word_1_324' title='bbox 150 2554 332 2598; x_wconf 87' lang='lat' dir='ltr'><strong>calidus</strong></span> <span class='ocrx_word' id='word_1_325' title='bbox 365 2568 402 2599; x_wconf 91' lang='lat' dir='ltr'><strong>c.</strong></span> <span class='ocrx_word' id='word_1_326' title='bbox 435 2569 494 2599; x_wconf 89' lang='lat' dir='ltr'><strong>m.</strong></span> <span class='ocrx_word' id='word_1_327' title='bbox 528 2570 573 2611; x_wconf 80' lang='lat' dir='ltr'><strong>r,</strong></span> <span class='ocrx_word' id='word_1_328' title='bbox 615 2556 799 2599; x_wconf 91' lang='lat' dir='ltr'><strong>coctum</strong></span> <span class='ocrx_word' id='word_1_329' title='bbox 830 2554 983 2599; x_wconf 87' lang='lat' dir='ltr'><strong>calido</strong></span> <span class='ocrx_word' id='word_1_330' title='bbox 1018 2555 1216 2600; x_wconf 88' lang='lat' dir='ltr'><strong>saccello</strong></span> <span class='ocrx_word' id='word_1_331' title='bbox 1250 2570 1286 2601; x_wconf 91' lang='lat' dir='ltr'><strong>c.</strong></span> <span class='ocrx_word' id='word_1_332' title='bbox 1319 2570 1379 2600; x_wconf 90' lang='lat' dir='ltr'><strong>m.</strong></span> <span class='ocrx_word' id='word_1_333' title='bbox 1405 2557 1527 2613; x_wconf 80' lang='lat' dir='ltr'><strong>(lac.)</strong></span> <span class='ocrx_word' id='word_1_334' title='bbox 1560 2556 1607 2599; x_wconf 91' lang='lat' dir='ltr'><strong><em>B</em></strong></span> <span class='ocrx_word' id='word_1_335' title='bbox 1636 2556 1703 2612; x_wconf 89' lang='lat' dir='ltr'><strong>(et</strong></span> <span class='ocrx_word' id='word_1_336' title='bbox 1734 2569 1843 2600; x_wconf 87' lang='lat' dir='ltr'><strong>can-</strong></span> 
     </span>
     <span class='ocr_line' id='line_1_40' title="bbox 146 2613 1844 2672; baseline 0.001 -15"><span class='ocrx_word' id='word_1_337' title='bbox 146 2613 337 2657; x_wconf 84' lang='lat' dir='ltr'><strong>tabrum</strong></span> <span class='ocrx_word' id='word_1_338' title='bbox 367 2627 474 2658; x_wconf 91' lang='lat' dir='ltr'><strong>cum</strong></span> <span class='ocrx_word' id='word_1_339' title='bbox 506 2616 639 2658; x_wconf 90' lang='lat' dir='ltr'><strong>aceto</strong></span> <span class='ocrx_word' id='word_1_340' title='bbox 672 2616 856 2659; x_wconf 90' lang='lat' dir='ltr'><strong>coctum</strong></span> <span class='ocrx_word' id='word_1_341' title='bbox 887 2614 1027 2659; x_wconf 85' lang='lat' dir='ltr'><strong>calid&#39;</strong></span> <span class='ocrx_word' id='word_1_342' title='bbox 1061 2615 1218 2659; x_wconf 87' lang='lat' dir='ltr'><strong>sacell&#39;</strong></span> <span class='ocrx_word' id='word_1_343' title='bbox 1251 2629 1288 2659; x_wconf 91' lang='lat' dir='ltr'><strong>c.</strong></span> <span class='ocrx_word' id='word_1_344' title='bbox 1321 2629 1381 2660; x_wconf 90' lang='lat' dir='ltr'><strong>m.</strong></span> <span class='ocrx_word' id='word_1_345' title='bbox 1416 2616 1473 2672; x_wconf 87' lang='lat' dir='ltr'><strong>b).</strong></span> <span class='ocrx_word' id='word_1_346' title='bbox 1624 2613 1844 2659; x_wconf 88' lang='lat' dir='ltr'><strong>continue</strong></span> 
     </span>
     <span class='ocr_line' id='line_1_41' title="bbox 145 2673 1838 2733; baseline 0.001 -16"><span class='ocrx_word' id='word_1_347' title='bbox 145 2673 226 2717; x_wconf 83' lang='lat' dir='ltr'><strong>rB</strong></span> <span class='ocrx_word' id='word_1_348' title='bbox 243 2674 411 2728; x_wconf 86' lang='lat' dir='ltr'><strong>(—nuo</strong></span> <span class='ocrx_word' id='word_1_349' title='bbox 445 2675 502 2729; x_wconf 91' lang='lat' dir='ltr'><strong>b).</strong></span> <span class='ocrx_word' id='word_1_350' title='bbox 627 2678 684 2716; x_wconf 90' lang='lat'><strong>14</strong></span> <span class='ocrx_word' id='word_1_351' title='bbox 715 2673 902 2733; x_wconf 72' lang='lat' dir='ltr'><strong>sardine</strong></span> <span class='ocrx_word' id='word_1_352' title='bbox 933 2673 1045 2730; x_wconf 73' lang='lat' dir='ltr'><strong>trite</strong></span> <span class='ocrx_word' id='word_1_353' title='bbox 1071 2675 1096 2718; x_wconf 96' lang='lat' dir='ltr'><strong>b</strong></span> <span class='ocrx_word' id='word_1_354' title='bbox 1120 2676 1194 2731; x_wconf 81' lang='lat' dir='ltr'><strong>(cf.</strong></span> <span class='ocrx_word' id='word_1_355' title='bbox 1223 2675 1373 2732; x_wconf 65' lang='lat' dir='ltr'><strong>Gary.</strong></span> <span class='ocrx_word' id='word_1_356' title='bbox 1398 2689 1503 2730; x_wconf 76' lang='lat' dir='ltr'><strong>app.</strong></span> <span class='ocrx_word' id='word_1_357' title='bbox 1525 2687 1574 2730; x_wconf 74' lang='lat' dir='ltr'><strong>p.</strong></span> <span class='ocrx_word' id='word_1_358' title='bbox 1600 2678 1714 2730; x_wconf 81' lang='lat'><em>209,</em></span> <span class='ocrx_word' id='word_1_359' title='bbox 1737 2675 1838 2732; x_wconf 80' lang='lat'><strong>12)=</strong></span> 
     </span>
     <span class='ocr_line' id='line_1_42' title="bbox 146 2730 1840 2794; baseline 0.002 -20"><span class='ocrx_word' id='word_1_360' title='bbox 146 2730 358 2775; x_wconf 87' lang='lat' dir='ltr'><strong>sardinia</strong></span> <span class='ocrx_word' id='word_1_361' title='bbox 387 2731 503 2775; x_wconf 85' lang='lat' dir='ltr'><strong>trita</strong></span> <span class='ocrx_word' id='word_1_362' title='bbox 535 2733 592 2777; x_wconf 90' lang='lat' dir='ltr'><strong>B.</strong></span> <span class='ocrx_word' id='word_1_363' title='bbox 753 2734 935 2777; x_wconf 90' lang='lat' dir='ltr'><strong>murtae</strong></span> <span class='ocrx_word' id='word_1_364' title='bbox 966 2732 1084 2777; x_wconf 83' lang='lat' dir='ltr'><strong>folia</strong></span> <span class='ocrx_word' id='word_1_365' title='bbox 1106 2733 1270 2778; x_wconf 89' lang='lat' dir='ltr'><strong>mollia</strong></span> <span class='ocrx_word' id='word_1_366' title='bbox 1301 2748 1349 2778; x_wconf 80' lang='lat' dir='ltr'><strong>r:</strong></span> <span class='ocrx_word' id='word_1_367' title='bbox 1382 2734 1535 2777; x_wconf 89' lang='lat' dir='ltr'><strong>emtae</strong></span> <span class='ocrx_word' id='word_1_368' title='bbox 1567 2731 1684 2776; x_wconf 87' lang='lat' dir='ltr'><strong>folia</strong></span> <span class='ocrx_word' id='word_1_369' title='bbox 1716 2732 1840 2794; x_wconf 69' lang='lat' dir='ltr'><strong>olive</strong></span> 
     </span>
     <span class='ocr_line' id='line_1_43' title="bbox 143 2790 1919 2851; baseline 0.002 -17"><span class='ocrx_word' id='word_1_370' title='bbox 143 2790 203 2835; x_wconf 89' lang='lat' dir='ltr'><strong>B.</strong></span> <span class='ocrx_word' id='word_1_371' title='bbox 237 2805 327 2847; x_wconf 76' lang='lat' dir='ltr'><strong>pro</strong></span> <span class='ocrx_word' id='word_1_372' title='bbox 364 2791 436 2834; x_wconf 78' lang='lat' dir='ltr'><strong>his</strong></span> <span class='ocrx_word' id='word_1_373' title='bbox 466 2806 506 2835; x_wconf 84' lang='lat' dir='ltr'><strong>v.</strong></span> <span class='ocrx_word' id='word_1_374' title='bbox 542 2796 597 2835; x_wconf 79' lang='grc'><strong>14</strong></span> <span class='ocrx_word' id='word_1_375' title='bbox 614 2806 675 2848; x_wconf 80' lang='lat' dir='ltr'><strong>sq.</strong></span> <span class='ocrx_word' id='word_1_376' title='bbox 708 2794 774 2837; x_wconf 82' lang='lat' dir='ltr'><strong>sic</strong></span> <span class='ocrx_word' id='word_1_377' title='bbox 798 2794 822 2836; x_wconf 94' lang='lat' dir='ltr'><strong>b</strong></span> <span class='ocrx_word' id='word_1_378' title='bbox 853 2794 920 2849; x_wconf 80' lang='lat' dir='ltr'><strong>(p.</strong></span> <span class='ocrx_word' id='word_1_379' title='bbox 949 2797 1020 2848; x_wconf 88' lang='grc'><strong>67,</strong></span> <span class='ocrx_word' id='word_1_380' title='bbox 1047 2794 1113 2850; x_wconf 80' lang='lat'><strong>7):</strong></span> <span class='ocrx_word' id='word_1_381' title='bbox 1163 2791 1359 2851; x_wconf 73' lang='lat' dir='ltr'><strong>Sardine</strong></span> <span class='ocrx_word' id='word_1_382' title='bbox 1390 2791 1501 2851; x_wconf 70' lang='lat' dir='ltr'><strong>trite</strong></span> <span class='ocrx_word' id='word_1_383' title='bbox 1526 2791 1557 2835; x_wconf 91' lang='lat' dir='ltr'><strong>b</strong></span> <span class='ocrx_word' id='word_1_384' title='bbox 1583 2802 1654 2841; x_wconf 49' lang='grc' dir='ltr'><strong>ἢν.</strong></span> <span class='ocrx_word' id='word_1_385' title='bbox 1706 2792 1840 2837; x_wconf 83' lang='lat' dir='ltr'><strong>Mure</strong></span> <span class='ocrx_word' id='word_1_386' title='bbox 1887 2831 1890 2835; x_wconf 89' lang='lat'><strong>.</strong></span> <span class='ocrx_word' id='word_1_387' title='bbox 1918 2826 1919 2830; x_wconf 20' lang='grc' dir='ltr'>η</span> 
     </span>
     <span class='ocr_line' id='line_1_44' title="bbox 143 2847 1838 2951; baseline 0.002 -59"><span class='ocrx_word' id='word_1_388' title='bbox 143 2847 261 2951; x_wconf 54' lang='lat' dir='ltr'><strong>soli}</strong></span> <span class='ocrx_word' id='word_1_389' title='bbox 290 2848 406 2892; x_wconf 90' lang='lat' dir='ltr'><strong>trita</strong></span> <span class='ocrx_word' id='word_1_390' title='bbox 438 2863 543 2893; x_wconf 91' lang='lat' dir='ltr'><strong>cum</strong></span> <span class='ocrx_word' id='word_1_391' title='bbox 575 2850 753 2907; x_wconf 77' lang='lat' dir='ltr'><strong>salibus</strong></span> <span class='ocrx_word' id='word_1_392' title='bbox 784 2851 1015 2897; x_wconf 89' lang='lat' dir='ltr'><strong>molliora.</strong></span> <span class='ocrx_word' id='word_1_393' title='bbox 1051 2853 1099 2896; x_wconf 88' lang='lat' dir='ltr'><strong>et</strong></span> <span class='ocrx_word' id='word_1_394' title='bbox 1129 2851 1305 2910; x_wconf 83' lang='lat' dir='ltr'><strong>iposita</strong></span> <span class='ocrx_word' id='word_1_395' title='bbox 1328 2851 1359 2895; x_wconf 90' lang='lat' dir='ltr'><strong>b</strong></span> <span class='ocrx_word' id='word_1_396' title='bbox 1385 2861 1441 2900; x_wconf 38' lang='grc' dir='ltr'><strong>’ἐκ</strong></span> <span class='ocrx_word' id='word_1_397' title='bbox 1466 2853 1540 2908; x_wconf 91' lang='lat'><strong>(=</strong></span> <span class='ocrx_word' id='word_1_398' title='bbox 1553 2851 1729 2896; x_wconf 88' lang='lat' dir='ltr'><strong>bonum</strong></span> <span class='ocrx_word' id='word_1_399' title='bbox 1752 2852 1838 2909; x_wconf 82' lang='lat' dir='ltr'><strong>est,</strong></span> 
     </span>
     <span class='ocr_line' id='line_1_45' title="bbox 144 2909 370 2965; baseline -0.004 -13"><span class='ocrx_word' id='word_1_400' title='bbox 144 2922 226 2965; x_wconf 92' lang='lat' dir='ltr'><strong>pro</strong></span> <span class='ocrx_word' id='word_1_401' title='bbox 263 2909 370 2965; x_wconf 88' lang='lat' dir='ltr'><strong>est).</strong></span> 
     </span>
    </p>
   </div>
   <div class='ocr_carea' id='block_1_15' title="bbox 1890 2290 1950 3172">
    <p class='ocr_par' dir='ltr' id='par_1_16' title="bbox 1890 2290 1950 3172">
     <span class='ocr_line' id='line_1_46' title="bbox 1890 2290 1950 3172; baseline 0 0"><span class='ocrx_word' id='word_1_402' title='bbox 1890 2290 1950 3172; x_wconf 95' lang='lat' dir='ltr'><strong> </strong></span> 
     </span>
    </p>
   </div>
  </div>
 </body>
</html>
