1988 3184
140 107 251 173 412
687 70 1277 195 Pssuno-mnononi

51 257 108 300 65
208 237 212 240 ’
260 252 429 298 Galla
458 252 686 297 virtutem
715 250 941 308 frigidam
971 253 1021 296 et
1052 250 1227 295 siccam
1255 250 1416 296 habet.
1455 250 1580 296 unde
1623 253 1680 296 et
1716 250 1846 296 fera
1906 219 1930 258 '-

138 333 303 365 170163
334 318 589 362 faucium
620 319 796 362 curat.

52 391 109 432 66
259 384 549 430 Graminis
577 383 715 428 radix
744 383 1045 428 mediocriter
1077 383 1202 428 sicca
1230 386 1303 429 est
1333 386 1382 429 et
1411 383 1599 442 frigida.
1631 384 1756 429 unde
1781 382 1880 429 et
1902 384 1905 385 ⁷

139 452 308 511 plagas
345 450 628 496 recentiores
666 450 953 507 consolidat,
995 449 1037 494 si
1073 453 1215 495 tunsa
1253 450 1477 508 imposita
1514 449 1659 496 fuerit
1698 450 1831 496 velut

139 518 444 592 cataplasma
478 517 638 574 ignem
658 531 843 561 sacrum
861 517 1164 562 vehementer
1186 517 1448 575 infrigidat.
1475 531 1698 613 apozema
1715 530 1830 574 quo·
1874 528 1897 563 5

139 598 229 641 que
260 584 409 641 ipsius
439 597 574 629 renes
604 586 798 641 purgat.
825 583 866 627 si
897 582 1002 639 quis
1033 582 1223 629 biberit.

50 657 106 696 67
256 651 334 695 He
345 651 592 707 dysaron
641 651 769 706 quod
821 650 1091 707 appellatur
1141 650 1395 707 pelecinus.
1451 649 1591 694 huius
1644 649 1829 694 fruticis

140 730 298 762 semen
329 717 534 761 colorem
565 717 757 773 quidem
786 717 985 761 rubeum
1014 717 1185 774 habet,
1225 729 1284 761 ex
1320 720 1521 774 utraque
1551 719 1687 775 parte
1718 703 1847 761 vero⁰

140 786 330 828 acutum
362 786 435 828 est
472 784 869 840 quemadmodum
899 783 1147 840 bipennes,
1181 798 1297 840 quos
1332 784 1499 829 Graeci
1529 783 1713 846 peleces
1746 795 1828 840 ap·

137 850 332 907 pellant.
375 864 587 894 amarum
620 863 805 906 quoque
838 851 911 894 est
942 851 990 893 et
1021 849 1290 906 stypticum.
1331 864 1443 894 nam
1474 851 1537 895 ad
1567 842 1828 895 bibendum
1853 863 1896 895 10
1978 850 1988 909 '.-

140 916 382 961 stomacho
415 919 580 974 aptum
611 919 696 974 est,
729 919 777 961 et
807 916 1040 960 viscerum
1071 916 1428 974 constrictiones
1461 916 1616 962 solvit.
1982 918 1988 935 *

50 988 107 1028 68
256 984 447 1028 Herba
479 983 710 1028 senecio
739 983 966 1027 virtutem
995 982 1194 1027 mixtam
1224 984 1395 1040 habet,
1436 986 1484 1028 et
1513 983 1738 1040 frigidam
1769 983 1830 1027 31-

137 1050 237 1094 111111
268 1053 317 1094 61
346 1050 647 1094 mediocriter
676 1063 861 1094 umores
895 1049 1137 1107 dispergit.
1178 1052 1233 1094 et
1269 1049 1418 1094 facit
1450 1051 1519 1094 ad
1548 1050 1829 1107 ,indigna-

134 1117 329 1161 tiones
353 1130 674 1173 nervorum,
709 1116 757 1160 si
788 1115 915 1172 quis
940 1129 1060 1160 66111
1092 1130 1212 1160 611111
1240 1116 1489 1174 axungia
1519 1116 1706 1161 veteri
1729 1116 1829 1159 im—

136 1183 411 1240 posuerit.
1854 1195 1897 1228 15

51 1257 106 1296 69
257 1249 533 1307 Hippuris
578 1249 803 1293 virtutem
851 1249 998 1294 habet
1045 1249 1300 1324 stypticam
1347 1264 1453 1293 cum
1499 1249 1827 1294 amaritudine.

138 1317 315 1362 idcirco
357 1316 504 1360 siccat
541 1330 724 1360 umores
765 1315 1086 1372 asperitudine
1125 1315 1293 1372 nimia,
1341 1316 1537 1361 vulnera
1577 1316 1721 1361 etiam
1758 1330 1830 1361 re-

139 1384 297 1429 centia
328 1385 394 1427 61
405 1382 613 1426 maxima
636 1382 978 1457 cataplasmate
1001 1382 1128 1426 facto
1154 1382 1432 1439 consolidat,
1466 1383 1611 1427 etiam
1635 1383 1689 1427 31
1698 1383 1830 1428 nervi

138 1450 278 1494 incisi
308 1449 496 1494 fuerint.
532 1451 579 1493 et
609 1438 875 1492 ramicellos
908 1450 1054 1504 curat,
1082 1451 1130 1492 et
1161 1449 1438 1506 sanguinem
1464 1448 1712 1505 iactantes,
1743 1463 1829 1493 nec

137 1531 233 1562 non
257 1519 304 1560 et
334 1515 511 1559 fluxum
541 1514 818 1559 muliebrem
848 1515 1046 1559 rubeum
1078 1515 1308 1572 continet,
1342 1517 1390 1559 et
1422 1515 1727 1572 dysentericis
1759 1530 1830 1560 re
1852 1529 1897 1560 20

260 1729 283 1767 7
318 1723 476 1768 Simon
506 1736 539 1766 3.
572 1721 857 1766 Hedicorion
889 1723 1031 1768 Theo.
1071 1722 1214 1767 Prisc.
1257 1722 1305 1766 li.
1341 1723 1397 1766 de
1443 1722 1646 1779 simplici
1683 1722 1830 1767 medi—

138 1783 245 1827 cina
298 1780 597 1827 hediscorion
651 1783 778 1837 quod
832 1782 1100 1838 appellatur
1143 1781 1404 1838 pellecinus
1457 1782 1596 1825 huius
1650 1781 1829 1826 fructus

139 1856 298 1887 semen
329 1841 533 1886 colorem
564 1840 756 1897 quidem
786 1841 957 1884 ruffum
986 1842 1134 1885 habet
1166 1855 1222 1885 ex
1253 1843 1452 1897 utraque
1476 1843 1612 1897 parte
1638 1843 1830 1885 acutum

137 1904 211 1946 est
235 1901 631 1957 quemadmodum
653 1900 872 1956 bipennis
898 1915 1015 1956 quas
1040 1900 1168 1957 greci
1191 1900 1396 1957 pellecas
1421 1903 1594 1944 vocant
1618 1914 1829 1954 amarum

138 1974 323 2017 quoque
355 1962 404 2004 et
435 1959 677 2016 stipticum
709 1961 796 2004 etc.

258 2020 438 2077 [Simon
467 2033 500 2063 3.
540 2018 772 2063 Ε166166.
803 2056 810 2064 .
839 2056 847 2064 .
874 2019 1016 2064 Τ1160.
1049 2018 1211 2062 Prisci.
1251 2018 1300 2064 11.
1343 2018 1399 2062 de
1440 2017 1644 2075 simplici
1681 2017 1828 2062 medi-

138 2079 245 2123 cina
275 2078 547 2123 Eraclion
577 2077 734 2133 inquit
765 2079 892 2133 quod
925 2078 1010 2122 alii
1042 2079 1324 2122 abrotanum
1349 2077 1513 2121 dicunt
1544 2078 1631 2122 etc.
1657 2078 1829 2132 confert

137 2140 255 2183 idem
286 2140 422 2183 etiam
452 2138 607 2182 Diosc.
635 2140 676 2194 3,
700 2139 797 2196 26]

258 2333 280 2371 1
314 2328 383 2372 De
415 2328 559 2385 galla.
593 2328 759 2373 Gallae
795 2329 850 2374 G.
998 2334 1024 2373 2
1055 2328 1232 2373 facium
1265 2329 1319 2374 G.
1462 2334 1488 2373 2
1519 2329 1588 2374 De
1620 2343 1827 2386 gramen.

138 2387 372 2432 Graminis
409 2388 463 2432 G.
555 2394 584 2432 4
617 2388 865 2432 consoldat
899 2388 953 2433 G.
1027 2387 1236 2444 inposita
1271 2388 1326 2434 G.
1427 2394 1453 2432 5
1484 2388 1594 2445 igne
1627 2392 1743 2446 agri-1
1771 2389 1827 2434 G.

254 2446 485 2502 infrigdat
519 2447 573 2491 G.
667 2447 878 2504 apotima
913 2447 968 2492 G.
1063 2454 1086 2491 7
1111 2448 1182 2491 De
1212 2446 1744 2504 hetisaron.⁴H&isaron
1771 2447 1824 2492 G.

254 2505 511 2562 pellicenos
547 2507 601 2551 G.
693 2507 854 2551 huius:
894 2521 1005 2550 usus
1042 2506 1097 2551 G.
1188 2505 1350 2550 frutici
1384 2507 1439 2551 G.
1532 2511 1558 2550 8
1591 2507 1630 2550 85
1652 2509 1828 2550 utram-

136 2578 226 2619 que
256 2566 442 2620 partem
478 2565 533 2609 G.
743 2565 922 2622 pelicas
958 2566 1014 2610 G.
1167 2570 1220 2609 11
1256 2565 1735 2610 constrictionesolvit
1769 2565 1823 2610 G.

137 2628 190 2666 12
215 2623 283 2666 De
317 2622 524 2668 sinition.
556 2624 684 2668 Erba
687 2570 904 2668 9sinition
924 2624 1228 2682 G(Erige1·on
1248 2625 1351 2669 Gal.
1355 2624 1644 2682 ,Hirigeron
1670 2625 1824 2681 Oria).

135 2683 198 2725 ad
226 2685 471 2726 v.13—-15
503 2684 561 2738 cf.
588 2684 665 2728 Ps.
690 2683 830 2740 Apul
857 2698 893 2728 c
920 2687 1142 2728 75.14
1172 2697 1417 2728 nervorem
1451 2684 1506 2729 G.
1594 2683 1827 2740 acxungia

133 2753 179 2782 v.
211 2739 305 2795 inp.
343 2740 396 2783 G.
553 2746 608 2785 16
638 2742 708 2786 De
739 2742 964 2799 hipporis.
996 2742 1221 2810 Hippuris
1257 2743 1314 2788 G.
1474 2742 1736 2799 istipticam
1770 2743 1826 2788 G.

138 2801 192 2839 17
225 2811 407 2842 umores
442 2801 544 2854 (sic)
579 2800 948 2856 asperitudinem
977 2801 1175 2846 nimium
1209 2801 1263 2846 G.
1403 2806 1458 2846 18
1490 2801 1736 2846 consoldat
1770 2801 1824 2846 G.

138 2859 192 2897 19
224 2869 378 2898 ramos
410 2856 552 2901 cellos
588 2859 631 2902 G
662 2859 984 2915 (ἐντεροκήλας
1010 2861 1136 2917 Gal„
1168 2860 1483 2906 introcellicos
1512 2861 1632 2906 Orib.
1659 2862 1743 2917 ed.)
1769 2882 1824 2898 =

135 2913 345 2987 ramices.
467 2929 561 2959 non
594 2919 661 2961 61.
693 2919 820 2961 noc&
856 2919 911 2962 G.
1035 2923 1092 2963 20
1132 2919 1427 2965 desintericis
1462 2920 1516 2965 G.
