1988 3184
232 132 344 186 492
739 131 1080 176 vmmoum
1108 116 1415 204 Emsmom.

383 270 503 319 haec
540 269 634 319 tibi
671 284 767 334 pro.
799 269 960 318 nostri
997 269 1235 317 memoria
1273 265 1528 333 religiose,
1573 281 1756 337 nepoS‚
1793 267 1931 339 ἀθῶ,

236 346 421 395 maiora
458 348 628 408 postea
666 343 933 392 noscituro.

356 504 379 542 1
413 499 529 543 haec
561 505 637 544 etc.
671 513 753 544 om.
786 514 828 544 a.
952 498 1014 542 ad
1046 511 1229 542 omnem
1258 496 1534 542 memoriam
1557 497 1607 543 V.
1701 502 1727 542 2
1743 497 1924 544 maiora.

236 561 402 616 postea
434 572 515 603 om.
529 559 683 614 U(ubi
706 557 816 602 dedi
839 572 943 603 cum
966 559 1137 602 lacuna
1160 562 1264 602 ante
1287 555 1583 614 nosciturus).
1674 572 1734 602 m.
1758 559 1927 614 postea
1956 599 1957 602 ,

236 616 499 662 nosciturus
530 617 572 661 G
590 619 646 674 (v,
677 618 759 662 ubi
785 618 891 662 add.
920 617 982 662 Ge
1011 618 1059 660 te
1091 615 1295 672 faciam),
1326 630 1388 659 m.
1409 629 1493 660 nos
1517 629 1655 672 posse
1685 615 1924 662 noscituro
1951 642 1955 650 ·=

238 677 278 721 G
304 678 361 733 (et
391 678 456 721 sic
489 678 626 721 etiam
646 676 808 734 Anyel.
833 677 882 721 V.
902 679 943 720 3.
970 679 999 720 9
1029 675 1210 719 maiora
1239 688 1378 732 posse
1415 674 1710 734 noscituRo)‚
1742 675 1924 721 maiora.

235 735 474 779 nescituro
522 734 629 779 vale
668 736 719 780 V:
758 734 940 779 maiora
985 734 1121 778 nobis
1163 733 1399 778 exciturus
1433 735 1487 792 P,
1526 735 1752 781 morando
1789 735 1925 794 §sule

238 794 402 839 anobis
437 794 636 838 sciturus
662 807 710 838 es
744 796 782 839 b.

363 1120 925 1164 Vindicianicomitis
949 1120 1366 1164 archiatrorum
1389 1119 1925 1164 adValentinianum
1982 1091 1988 1147 3

235 1179 529 1234 epistolam
551 1179 583 1222 i.
609 1192 642 1223 e.
662 1180 997 1235 praefationem
1021 1179 1129 1223 libri
1144 1179 1197 1223 de
1220 1179 1417 1234 coepcrtis
1438 1178 1646 1222 remediis
1665 1180 1741 1234 (cf.
1752 1178 1923 1224 Anecd.

235 1238 306 1292 II,
328 1240 431 1282 177.
467 1237 655 1282 Hermes
680 1239 818 1293 VIII,
834 1241 906 1283 42.
943 1238 1064 1283 Cass.
1086 1237 1182 1282 Fcl.
1202 1252 1250 1295 p.
1268 1237 1366 1282 III.
1391 1240 1504 1293 260)
1531 1251 1632 1281 cum
1654 1236 1924 1293 „eiusdem“

234 1302 287 1340 ut
310 1298 378 1341 ait
404 1299 464 1351 (ct
495 1311 550 1341 ex
580 1311 627 1341 eo
651 1297 879 1342 Barthius
903 1297 1043 1342 Anth.
1071 1297 1178 1341 Lat.
1203 1310 1275 1341 no.
1297 1299 1388 1341 910
1412 1297 1564 1352 Riese)
1592 1295 1924 1352 ,‚Vindiciani“
1979 1306 1988 1358 ,ᾗ

235 1356 434 1400 carmine
457 1361 498 1399 et
521 1356 821 1412 Hippocratis
852 1372 889 1414 q.
916 1358 957 1401 d.
985 1358 1047 1401 ad
1063 1356 1376 1401 Maecenatem
1406 1356 1596 1413 epistola
1618 1356 1685 1400 Io.
1712 1356 1925 1401 Ruellius
1980 1363 1988 1406 ξ

177 1447 181 1452 .
234 1416 431 1459 medicus
471 1415 520 1471 (ᾧ
552 1418 692 1470 1537)
729 1417 913 1471 primus
951 1416 1095 1460 edidit
1134 1417 1196 1460 ad
1233 1416 1398 1460 calcem
1437 1415 1667 1460 Scribonii
1707 1416 1926 1471 (Parisiis
1982 1415 1988 1481 ᾗ

235 1488 308 1530 ap.
347 1474 449 1518 Ohr.
492 1474 828 1530 Wechel1529,
859 1476 991 1532 impr.
1030 1475 1120 1519 Oct.
1147 1477 1290 1530 1528)
1324 1489 1380 1519 ea:
1410 1475 1559 1519 eodem
1588 1476 1683 1519 scil.
1710 1474 1926 1520 Marcelli

234 1533 382 1578 codice
409 1534 563 1588 (unico
586 1534 893 1579 Laudunensi
921 1549 1046 1579 nwnc
1068 1535 1242 1590 mutilo,
1275 1535 1329 1578 de
1354 1547 1440 1591 quo
1464 1533 1653 1578 Hermes
1669 1534 1808 1590 VIII,
1827 1538 1925 1591 40),
1984 1546 1988 1595 f

235 1605 321 1648 quo
338 1594 482 1648 paulo
505 1598 642 1637 antea
671 1607 782 1638 usus
804 1599 902 1638 erat
920 1595 1042 1638 idem
1060 1593 1167 1638 ΟΜ.
1194 1593 1383 1648 Wechel,
1405 1599 1459 1637 ut
1481 1594 1708 1650 exscripta
1725 1593 1924 1638 Pseudo·
1986 1618 1988 1653 i

236 1652 394 1695 Plinii
424 1653 614 1708 epistola
648 1655 766 1708 (post
799 1653 1026 1697 Galerium
1048 1653 1117 1697 Io.
1148 1652 1383 1697 Guinterii
1412 1652 1682 1697 Andcrnaci
1711 1658 1788 1698 etc.
1811 1653 1921 1698 Par.
1983 1653 1988 1681 ¹

235 1713 377 1766 1528)
418 1725 560 1755 unam
591 1713 816 1770 payinam
852 1727 1045 1757 vacuam
1085 1713 1293 1768 coepleret.
1337 1712 1446 1756 haec
1484 1713 1638 1756 omnia
1675 1712 1837 1757 deinde
1867 1726 1925 1757 ex
1986 1716 1988 1770 f

235 1771 383 1814 eodem
407 1771 556 1815 codice
571 1771 719 1815 Ianus
738 1771 988 1816 Cornarius
1010 1772 1155 1817 edidit
1177 1786 1278 1816 cum
1301 1772 1480 1829 inteyra
1496 1771 1712 1816 Marcelli
1741 1772 1922 1828 empiri-

236 1842 390 1872 corum
420 1830 673 1874 collectione
707 1831 1008 1887 (Bas-1536)
1041 1832 1171 1875 modo
1203 1836 1402 1875 correcta
1431 1832 1562 1875 modo
1592 1831 1728 1875 etiam
1757 1832 1924 1875 vitiata

239 1889 336 1943 (qui
380 1894 432 1932 ut
477 1890 676 1945 exemplo
712 1895 822 1934 utar
857 1891 976 1946 quod
1013 1891 1075 1934 ad
1107 1890 1435 1934 Vindicianum
1474 1890 1674 1945 pertinet
1718 1891 1924 1946 ineptum

234 1947 353 1990 illud
390 1948 621 1992 induceret
658 1948 875 1991 escharas
907 1963 996 2005 pro
1035 1962 1165 1993 escas
1192 1963 1240 2005 p.
1266 1951 1350 2003 24,
1375 1952 1404 1993 6
1435 1949 1520 2004 H.)
1530 1983 1545 2004 ,
1584 1950 1664 2006 qui
1701 1954 1744 1993 ct
1772 1950 1924 2005 ipsum

237 2005 511 2049 Marcellum
542 2021 597 2051 ca:
628 2007 862 2052 Scribonio
893 2009 1169 2062 emendaret,
1200 2009 1391 2052 subinde
1421 2013 1463 2052 ct
1493 2013 1697 2066 auyeret:
1727 2022 1837 2052 nam
1867 2021 1924 2052 ex

237 2063 464 2108 Scribonii
500 2080 596 2121 cap.
624 2069 710 2110 121
752 2068 919 2111 colicen
962 2068 1082 2112 Iulii
1118 2068 1260 2111 Bassi
1303 2067 1546 2122 mirificam
1591 2067 1810 2111 Marcello
1848 2069 1922 2112 ob-

234 2124 380 2167 trudit
412 2127 513 2179 (29,
540 2128 605 2179 6),
645 2139 780 2181 quam
818 2141 874 2170 ca:
912 2128 1005 2171 alio
1044 2128 1085 2171 is
1130 2132 1313 2171 auctore
1349 2131 1583 2170 sumturus
1621 2131 1720 2170 crat
1744 2129 1840 2182 (29,
1863 2129 1925 2170 12

190 2224 194 2227 ,
235 2183 292 2236 cf.
329 2182 431 2226 Gal.
457 2184 605 2238 XIII,
627 2187 760 2240 278),
791 2186 943 2242 itaque
974 2187 1026 2229 in
1049 2199 1098 2230 eo
1128 2187 1227 2242 ipso
1260 2186 1353 2230 loco
1377 2186 1561 2230 addidit
1583 2186 1738 2229 aliena
1760 2186 1842 2230 ubi
1870 2191 1924 2230 ut

234 2243 538 2297 capitulorum
581 2250 850 2300 aryumcnta
886 2246 1052 2289 rectius
1095 2246 1334 2300 divideret,
1381 2258 1495 2301 quae
1533 2245 1797 2300 depellenda
1833 2258 1924 2289 esse
1978 2272 1988 2300 ,-

235 2302 523 2357 aestimasset,
554 2303 693 2347 eiecta
717 2305 854 2359 prius
884 2309 926 2348 et
956 2305 1152 2360 seposita
1176 2305 1318 2360 plane
1340 2304 1539 2362 neglexit
1564 2306 1661 2359 (28,
1679 2306 1876 2359 66—29,
1894 2305 1923 2348 5

235 2373 326 2403 exc.
358 2363 434 2414 29,
465 2364 495 2404 4
525 2361 628 2416 H),
669 2363 767 2418 ipso
807 2363 901 2407 scil.
935 2369 1041 2419 post
1079 2363 1336 2418 Ruellium,
1373 2364 1493 2407 sicut
1523 2362 1752 2418 Marcelli,
1783 2364 1851 2407 ita
1881 2367 1924 2407 et
1977 2361 1988 2426 ξ

236 2417 463 2462 Scribonii
492 2421 640 2464 codice
677 2435 788 2465 usus
817 2435 954 2478 aeque
980 2427 1139 2478 postca
1177 2423 1430 2478 deperdito,
1471 2423 1610 2467 unico
1649 2423 1828 2479 quidem
1857 2435 1922 2476 eo,
1982 2429 1988 2467 i

235 2479 438 2532 quamvis
469 2493 570 2522 cum
598 2494 824 2537 nusquam
855 2481 1086 2535 Marcelli,
1126 2480 1356 2526 Scribonii
1395 2482 1507 2526 liber
1536 2482 1589 2525 in
1617 2482 1757 2526 medii
1785 2481 1923 2525 etiam

235 2537 335 2579 aevi
365 2537 660 2582 antidotariis
689 2540 972 2584 exscribatur
1001 2554 1156 2584 revera
1177 2553 1424 2597 nomenque
1455 2541 1629 2585 citetur.
1653 2539 1925 2585 Vindiciani
1976 2540 1988 2589 ’,

235 2595 377 2650 iyitur
415 2597 648 2651 epistolam
679 2612 814 2654 quam
844 2600 912 2642 bis
942 2599 1110 2643 editam
1140 2613 1196 2643 ex
1226 2600 1376 2644 eodem
1407 2600 1555 2643 codice
1584 2613 1710 2644 nunc
1739 2599 1922 2644 tertium

234 2654 410 2707 repetiit
437 2653 656 2712 Georyius
680 2657 937 2701 Helmreich
961 2657 1178 2702 Marcelli
1207 2659 1353 2703 editor
1372 2658 1519 2715 (Lips.
1539 2661 1702 2715 1889),
1732 2672 1830 2703 eam
1851 2657 1924 2702 his

234 2711 439 2767 reliquiis
470 2714 633 2758 addere
665 2716 940 2771 supersedeo.
1292 2732 1294 2734 ·
1975 2723 1978 2726 ’

899 2924 1253 2933 ...ᾕ-
