1988 3184
564 575 630 632 In
674 573 779 632 hoc
825 573 1113 633 volumine
1163 575 1529 633 continentur

208 672 316 773 poglp
337 669 758 727 praefationem
788 670 983 715 editoris
1017 672 1065 715 el:
1097 670 1484 728 capitulorum
1509 673 1584 729 (ex
1612 671 1712 717 cod.
1737 671 1891 729 mstis)

208 745 260 774 m
313 743 412 774 cem

203 818 236 864 I.
282 818 534 864 Theodori
564 819 820 864 Prisciani
850 818 1136 876 Euporiston
1165 818 1277 863 libri
1307 822 1402 864 tres

467 878 797 922 Faenomenon
819 879 841 922 I
870 894 915 935 p.
944 883 982 923 1.

466 936 665 993 Logicus
690 938 734 981 II
764 953 807 994 p.
837 941 934 982 104.

469 995 749 1052 Gynaeceon
772 997 838 1040 III
867 1011 912 1053 p.
939 1001 1038 1040 224.

845 1055 1151 1112 Physicorum
1182 1069 1281 1112 cap.
1307 1055 1433 1099 I—II
1462 1070 1506 1112 p.
1534 1059 1633 1100 249.

203 1201 258 1247 H.
290 1202 831 1248 Pseudo-Theodoreae

407 1261 488 1305 An
499 1275 524 1305 o
534 1277 604 1317 ny
613 1261 685 1304 mi
719 1262 775 1305 de
807 1261 993 1306 vesicae
1024 1260 1155 1305 vitiis
1190 1259 1453 1317 capissulum
1483 1275 1526 1316 p.
1554 1264 1654 1306 261.

320 1320 661 1365 Additamenta
692 1321 728 1364 P
740 1336 759 1364 s
770 1335 795 1365 e
804 1336 834 1364 u
845 1321 874 1364 d
886 1335 911 1364 o
922 1347 939 1354 -
950 1321 987 1364 T
997 1320 1029 1363 h
1039 1334 1063 1364 e
1074 1334 1100 1364 o
1112 1321 1143 1363 d
1152 1334 1178 1364 o
1187 1319 1236 1362 ri
1268 1320 1331 1363 ad
1362 1319 1660 1363 Theodorum
1689 1319 1890 1365 Priscia-

410 1395 523 1423 num
553 1379 793 1438 (editionis
827 1380 1078 1437 secundae)
1107 1395 1151 1436 p.
1178 1382 1278 1424 268.

469 1439 707 1495 Gynaecia
738 1437 1283 1484 Pseudo-Theodori
1313 1453 1357 1495 p.
1385 1442 1485 1483 340.

317 1498 656 1542 Additamenba
703 1498 878 1543 codicis
929 1497 1259 1543 Barberiniani
1299 1499 1374 1554 (ex
1411 1497 1646 1542 medicina
1685 1498 1892 1543 Pseudo-

405 1557 560 1612 Pauli)
576 1571 681 1601 cum
704 1558 940 1602 medicina
960 1557 1000 1602 G
1009 1572 1037 1601 a
1046 1573 1077 1601 u
1088 1557 1180 1601 dio
1192 1556 1238 1600 si
1255 1556 1463 1614 episcopi
1481 1559 1530 1601 eb
1544 1556 1716 1601 medici
1731 1572 1776 1615 p.
1788 1562 1888 1603 355.

318 1616 361 1660 A
369 1616 455 1661 nbi
467 1617 497 1660 d
506 1631 532 1660 o
542 1619 563 1661 t
573 1631 601 1660 a
609 1632 632 1660 r
641 1617 658 1660 i
667 1632 697 1660 u
706 1633 754 1660 m
784 1617 1086 1661 Bruxellense
1119 1617 1196 1674 (ab
1229 1616 1367 1660 initio
1399 1615 1635 1674 mutilum)
1658 1632 1702 1674 p.
1728 1622 1828 1663 363.

319 1675 758 1720 Antidotarium
788 1676 1091 1721 Bruxellense
1124 1675 1375 1720 alterum
1403 1691 1448 1732 p.
1476 1680 1561 1720 380

410 1749 516 1779 cum
547 1736 588 1779 A
596 1751 629 1779 n
638 1750 663 1779 o
673 1751 705 1778 n
712 1751 743 1792 y
752 1735 824 1779 mi
856 1736 1157 1793 physicorum
1187 1735 1452 1792 fragmento
1483 1750 1528 1791 p.
1555 1739 1641 1779 397

411 1797 459 1838 et
490 1795 610 1851 App
620 1809 644 1839 e
653 1810 685 1838 n
696 1795 750 1839 di
761 1809 785 1838 c
795 1809 820 1839 e
852 1795 1261 1839 miscellaneorum
1290 1809 1333 1851 p.
1361 1798 1461 1838 398.

320 1853 602 1955 Angnymi
628 1854 925 1958 (6ἷοξᾶ16110)
953 1854 1141 1899 libellus
1175 1855 1455 1911 (excerptus)
1483 1853 1540 1897 de
1566 1852 1769 1910 simplici
1791 1865 1886 1897 me-

439 1927 564 1956 icma
595 1929 638 1970 p.
758 1951 765 1958 .

203 2043 281 2090 HI.
306 2045 590 2090 Vindiciani
613 2047 728 2090 Afri
758 2045 1063 2102 expositionis
1088 2045 1401 2089 membrorum
1425 2056 1546 2099 quae
1569 2043 1752 2100 reliqua
1777 2045 1887 2087 sunt

429 2105 461 2149 I.
497 2104 735 2161 Gynaecia
766 2118 887 2161 quae
919 2106 1147 2148 vocantur
1176 2119 1220 2160 p.
1246 2108 1346 2148 426.

407 2164 461 2208 H.
494 2164 711 2220 Epitome
742 2164 932 2208 uberior
963 2163 1114 2207 altera
1143 2178 1188 2220 p.
1213 2167 1314 2207 467.

320 2221 663 2267 Vindiciani
695 2223 899 2280 epistula
932 2223 994 2267 ad.
1023 2221 1306 2271 Pentadium
1335 2236 1380 2278 p.
1406 2225 1507 2265 485.

404 2369 550 2414 Index
581 2371 830 2415 verborum
860 2370 1145 2415 notabilium
1174 2385 1219 2427 p.
1244 2374 1345 2414 493.

405 2429 550 2472 Index
582 2432 825 2474 auctorum
854 2446 897 2487 p.
926 2435 1023 2474 552.
