1950 3172
184 117 291 172 150
725 119 1043 173 'ranonom
1070 117 1371 172 Pmsomm

678 268 797 319 XVI.
837 268 912 319 De
953 268 1382 320 scotomaticis.

90 353 163 408 49
330 359 775 409 Scotomaticorum
814 364 864 408 et
903 357 1336 424 epilempticorum
1381 373 1536 424 paene
1581 359 1759 411 similis
1799 357 1877 412 est

182 435 235 482 in
288 433 448 483 isdem
503 432 701 482 casibus
764 431 1057 482 sollicitudo,
1146 432 1299 482 simili
1350 435 1533 483 mentis
1587 433 1876 485 confusione

181 507 478 574 alienantur,
526 508 800 571 quantitate
846 521 1023 556 causae
1064 512 1114 556 et
1162 507 1501 572 magnitudine
1542 507 1875 559 accidentium

136 591 158 624 5
183 581 284 630 sola
309 581 732 631 disterminantur.
786 580 1048 631 iuvenibus
1072 580 1194 631 haec
1218 596 1365 646 quam
1388 583 1601 632 maxime
1626 587 1676 632 et
1703 584 1876 632 otiosis

183 656 471 720 frequenter
511 657 710 718 evenire
744 657 1016 705 consuevit.
1080 657 1322 720 contingit
1354 657 1503 705 etiam
1534 658 1621 721 qui
1650 656 1876 709 haemor-

178 729 433 778 roidarum
473 729 738 779 sollemnes
779 731 1086 779 evitaverunt
1124 729 1440 794 digestiones.

335 819 482 853 curae
517 819 690 853 eorum
715 803 832 853 licet
857 803 1289 869 epilempticorum
1321 803 1423 853 sola
1456 804 1682 871 sufficiat,
1711 810 1879 854 tamen

180 877 273 926 hoc
307 878 480 927 ordine
520 878 752 927 visitandi
786 884 913 928 sunt.
978 893 1092 928 cum
1124 893 1241 943 ergo
1274 880 1575 927 commoveri
1607 881 1878 946 coeperint,

113 961 155 994 10
181 951 407 1001 manibus
447 967 532 1001 eos
574 951 853 1019 continebO,
893 952 1094 1002 auribus
1137 967 1309 1001 eorum
1340 951 1638 1019 exclamahO‚
1677 952 1876 1002 easdem

180 1026 357 1075 fortius
405 1026 679 1093 defricabO,
729 1026 933 1091 capillos
974 1026 1178 1075 evellam
1218 1042 1278 1075 ex
1316 1025 1647 1092 temporibuS,
1699 1027 1876 1076 odores

180 1100 385 1149 naribus
426 1100 709 1167 admoveb07
750 1116 809 1149 ex
849 1100 1014 1165 puleio
1047 1106 1194 1149 tunso
1234 1100 1312 1149 vel
1351 1102 1553 1164 origano
1595 1106 1677 1150 aut
1717 1103 1877 1166 sinapi

180 1189 293 1224 cum
333 1180 471 1224 aceto
511 1177 666 1223 mixto
708 1174 983 1239 procurabo
1018 1180 1422 1224 sternutamenta.
1493 1174 1630 1224 cibos
1669 1176 1722 1224 in
1752 1181 1876 1225 tem-

178 1263 299 1313 pore
342 1250 642 1314 competenti
680 1248 892 1298 leviores
933 1248 1073 1314 daho,
1114 1255 1162 1298 et
1201 1255 1365 1298 cetera
1406 1251 1569 1298 omnia
1609 1264 1732 1313 quae
1774 1252 1876 1314 epi-

113 1332 155 1364 15
179 1322 425 1387 lempticis
459 1323 682 1372 ordinata
717 1331 832 1372 sunt
864 1322 1139 1372 adhibenda
1171 1329 1330 1372 erunt.
1400 1338 1555 1372 unum
1593 1323 1872 1388 superaddo

180 1397 311 1462 quod
350 1397 441 1446 hos
482 1398 770 1462 frequenter
811 1396 1016 1446 ellebori
1055 1398 1276 1461 acceptio
1317 1396 1557 1446 liberavit.

668 1530 809 1580 XVII.
850 1529 927 1579 De
966 1532 1383 1580 maenomenis.

89 1614 162 1667 50
329 1618 455 1667 Sunt
487 1625 621 1668 certa
646 1621 862 1683 insignia
895 1634 1020 1684 quae
1052 1634 1402 1669 maenomenos
1434 1619 1663 1684 produnt.
1714 1621 1877 1684 primo

178 1698 233 1742 ut
273 1708 386 1742 cum
418 1694 518 1742 sint
550 1695 656 1742 sine
689 1693 928 1760 febribuS,
968 1699 1115 1758 caput
1155 1693 1250 1743 sibi
1287 1695 1500 1759 graviter
1532 1693 1701 1743 dolore
1742 1709 1875 1744 asse-

301 1810 324 1848 1
359 1806 427 1850 tit.
468 1805 537 1849 De
578 1806 895 1850 scotomaticis
938 1806 1154 1850 theodori
1202 1805 1428 1863 prisciani
1458 1806 1535 1851 III.
1569 1821 1614 1863 r,
1655 1806 1723 1850 De
1763 1808 1877 1852 scot.

179 1864 299 1909 XVI.
326 1865 371 1909 Β
397 1866 510 1921 (sine
540 1879 663 1910 snum.
696 1871 750 1910 ut
778 1880 949 1922 semper
973 1867 1029 1922 b).
1123 1872 1150 1910 3
1181 1865 1331 1910 isdem
1347 1866 1414 1911 B:
1446 1865 1632 1909 hisdem
1653 1881 1680 1911 r
1703 1867 1802 1923 (om.
1819 1868 1875 1923 b).

181 1923 325 1967 simili
356 1924 423 1969 B:
457 1923 675 1968 similiter
704 1940 741 1969 r.
836 1927 995 1968 autem
1027 1930 1151 1982 (post
1179 1925 1368 1982 mentis)
1399 1926 1505 1970 add.
1538 1925 1597 1970 Β.
1722 1929 1748 1968 5
1775 1924 1877 1970 sola

181 1981 569 2027 disterminantur
591 1985 670 2028 rb:
706 1983 833 2028 solae
864 1984 1178 2028 terminantur
1208 1985 1266 2029 Β.
1365 1986 1413 2028 et
1438 1986 1536 2041 oc(c
1560 1983 1699 2041 b)osis
1732 1984 1879 2031 bGal:

178 2041 432 2099 pei-ociosis
457 2043 516 2099 B,
550 2042 719 2086 ociosis
753 2044 850 2099 (ubi
881 2045 929 2088 et
951 2058 1042 2101 pro
1073 2044 1190 2087 haec
1223 2058 1265 2099 q.
1291 2046 1370 2100 m.)
1401 2059 1438 2088 r.
1562 2048 1588 2086 6
1614 2043 1877 2090 consuevit:

179 2103 521 2146 consueverunt
550 2102 622 2147 rB
648 2102 786 2159 (solet
817 2104 872 2160 b).
1103 2102 1185 2159 qui
1216 2102 1582 2148 emorroidarum
1607 2103 1877 2160 (etmorroy-

180 2161 346 2205 darum
376 2162 418 2218 r)
444 2162 524 2206 rb:
550 2160 833 2217 quibusdam
864 2161 1126 2207 emorroida
1148 2175 1310 2206 verum
1327 2163 1423 2219 (sic)
1441 2163 1499 2207 Β.
1595 2165 1619 2204 7
1653 2161 1876 2208 sollemne

181 2220 444 2279 digestione
463 2222 489 2266 b
511 2221 598 2266 Gal
623 2222 720 2277 (ubi
737 2234 876 2265 —nes
894 2222 969 2279 Β).
1089 2220 1386 2266 evitaverunt
1399 2223 1611 2279 (——tavei·
1627 2223 1756 2279 r)rB
1769 2222 1858 2268 Gal
1869 2241 1882 2268 :

177 2281 402 2324 —tarunt
433 2281 474 2325 b.
638 2285 663 2324 8
698 2294 810 2324 cura
841 2293 1000 2325 eorum
1030 2281 1123 2337 rB,
1157 2294 1405 2325 causarum
1428 2282 1507 2338 (ad
1532 2282 1741 2338 praeced.
1769 2295 1876 2338 per-

178 2340 344 2396 tinens)
378 2341 402 2384 b
424 2340 524 2384 Gal.
657 2339 770 2384 licet
801 2341 850 2384 et
879 2355 917 2386 r.
1058 2344 1084 2383 9
1118 2340 1400 2385 commoveri
1429 2341 1502 2385 rB
1512 2339 1687 2386 :vexari
1718 2341 1744 2385 b
1764 2341 1877 2386 Gal!

182 2402 237 2442 10
277 2413 356 2443 eos
387 2414 414 2444 r
435 2400 495 2456 (b)
516 2399 640 2445 Gal:
682 2413 764 2444 om.
799 2401 858 2444 B.
1034 2400 1226 2444 auribus
1260 2413 1297 2445 e.
1331 2399 1627 2445 exclamabo:
1665 2401 1736 2445 sic
1768 2400 1876 2445 er

180 2458 346 2515 (—bis)
383 2459 491 2504 Gal.
669 2465 722 2502 11
757 2458 907 2503 evello
938 2459 1010 2504 rB
1036 2461 1154 2516 (cum
1184 2461 1349 2505 vicinis
1381 2473 1462 2504 om.
1498 2461 1523 2504 b
1543 2460 1668 2515 Geel)-
1820 2471 1878 2503 ex

175 2517 468 2575 ,temporibus
499 2518 567 2563 B:
601 2519 648 2562 et
678 2518 879 2576 tempori
902 2534 939 2564 r.
1117 2523 1171 2563 12
1202 2517 1360 2575 puleio
1391 2519 1464 2563 rB
1485 2519 1600 2573 Gal„
1635 2516 1800 2575 —egio
1833 2519 1873 2563 b.

182 2575 337 2634 sinapi
368 2579 455 2632 rB,
488 2591 604 2634 —pe
638 2579 675 2623 b.
820 2611 824 2615 -
854 2583 907 2622 13
939 2577 1087 2622 mixto
1118 2593 1157 2634 r,
1190 2577 1441 2622 commixto
1473 2577 1539 2623 B:
1570 2577 1683 2622 trito
1717 2577 1875 2625 baal.

181 2639 239 2678 14
270 2638 317 2679 et
348 2638 504 2681 cetera
535 2636 694 2681 omnia
725 2652 767 2693 q.
800 2638 863 2683 rb
884 2637 998 2683 Gal:
1044 2638 1092 2681 et
1124 2636 1183 2681 ad
1216 2639 1374 2696 cetera
1406 2651 1448 2692 q.
1481 2637 1539 2681 Β.
1666 2639 1719 2680 15
1753 2635 1875 2680 ordi—

180 2695 297 2737 nata
329 2698 437 2739 sunt
466 2712 512 2742 r:
545 2710 627 2742 om.
654 2697 700 2739 Β
726 2698 864 2752 (quae
897 2695 1004 2754 epil.
1039 2695 1324 2741 conveniunt
1353 2695 1502 2752 simpl.
1527 2696 1552 2740 b
1571 2695 1702 2752 Gal).
1822 2700 1875 2740 16

179 2750 404 2797 liberavit
434 2757 525 2800 rB:
560 2755 692 2799 -bit
724 2758 748 2800 b
769 2757 868 2802 Gal.
994 2760 1048 2800 17
1081 2758 1149 2801 tit.
1183 2755 1251 2806 De
1282 2753 1570 2799 menomenis
1601 2754 1700 2799 1111.
1734 2769 1772 2811 r,
1805 2753 1874 2798 De

181 2824 241 2854 m.
260 2810 400 2856 XVII.
426 2814 486 2859 Β.
611 2818 665 2857 18
697 2828 997 2859 menomenus
1028 2830 1067 2871 r,
1102 2828 1243 2859 —nos
1276 2815 1371 2859 Bb.
1496 2813 1614 2857 Sunt
1646 2814 1774 2858 certa
1804 2812 1875 2858 in-

182 2867 337 2925 signia
367 2872 459 2916 rB:
493 2872 611 2915 Sunt
644 2888 754 2932 ergo
786 2876 943 2919 cetera
975 2873 1111 2931 signa
1144 2875 1169 2919 b
1189 2874 1304 2929 Gal,
1340 2873 1398 2928 cf.
1430 2876 1473 2930 2,
1507 2878 1554 2918 2.
1722 2871 1874 2929 primo

179 2928 273 2975 rB:
304 2927 456 2985 primu
483 2932 508 2975 b
529 2932 629 2976 Gal.
719 2937 772 2976 19
804 2932 1012 2990 graviter
1034 2934 1094 2979 rb
1107 2933 1218 2979 Gal:
1251 2947 1334 2978 om.
1369 2934 1408 2978 b.
1495 2931 1654 2977 dolore
1671 2932 1770 2989 (sic)
1787 2930 1876 2977 rB.
