1988 3184
718 133 1162 176 ADDITAMENTA.
1667 130 1771 183 301

50 247 79 299 51⁸,
99 279 355 321 numquam
391 263 571 309 homini
606 262 870 321 proveniet,
918 262 958 306 si
1002 262 1198 307 herbam
1243 262 1573 320 chamaepityn
1621 264 1777 307 secum

99 331 321 376 habuerit
351 330 611 388 alligatam.
661 329 701 374 si
732 329 836 386 quis
861 328 1043 384 aliquid
1064 328 1270 386 fregerit,
1301 331 1355 373 ut
1386 328 1486 373 sine
1519 328 1678 373 dolore
1701 328 1776 373 vel

0 385 29 453 ξΪ·
99 410 287 454 spasmo
326 398 532 453 curetur,
577 395 754 452 sinapis
792 409 939 453 grana
977 394 1159 450 aliquot
1197 397 1245 440 et
1281 395 1442 439 fimum
1479 395 1698 440 caninum
1727 394 1778 438 in

100 462 248 507 linteo
279 461 453 519 ligabis
484 465 533 507 et
561 462 612 506 in
641 461 834 506 brachio
865 461 941 506 vel
971 474 1103 505 crure
1135 463 1217 505 aut
1248 461 1310 504 ad
1332 460 1606 507 umbilicum
1628 461 1672 506 ei
1696 460 1777 516 qui

101 528 233 573 dolet
262 527 449 585 ligabis.
496 527 741 572 miraberis
771 527 1040 572 remedium.
1083 526 1290 571 radicem
1327 527 1500 572 herbae
1532 527 1776 572 conservae
1801 542 1821 575 5

101 594 262 650 tunde,
294 596 343 638 et
373 596 548 638 stercus
580 592 775 638 ovillum
805 595 854 637 et
884 593 1122 650 axungian
1151 592 1202 636 in
1226 606 1274 637 se
1305 589 1462 649 misce,
1495 595 1542 637 et
1572 593 1676 637 loco
1703 592 1779 637 vel

101 659 197 703 ossi
227 659 376 704 fracto
416 662 500 704 aut
538 662 731 703 contuso
770 658 956 715 impone
995 661 1042 704 et
1078 673 1233 715 panno
1275 659 1553 716 constringe.
1600 673 1778 704 vermes

103 725 276 769 terreni
308 725 412 770 triti
451 739 557 769 cum
593 725 732 769 melle
770 724 980 781 impositi
1019 725 1164 769 etiam
1195 739 1300 768 ossa
1331 724 1482 769 fracta
1513 725 1777 769 extrahunt.

101 789 287 833 lardum
305 789 491 834 elixum
521 789 669 847 alliga
700 792 748 834 et
777 790 897 834 mira
928 790 1169 834 celeritate
1198 790 1402 835 fractum
1433 790 1707 836 consolidat.

101 906 177 950 De
225 905 696 962 percussionibus
741 920 905 962 apum
951 906 1314 963 scorpionum
1360 909 1415 951 et
1461 910 1780 952 ceterarum
1804 925 1846 955 ιο

318 971 668 1028 serpentium
699 973 1002 1029 (Lm—vide
1032 986 1174 1028 supra
1203 973 1281 1017 Ad
1303 974 1344 1027 I,
1367 976 1560 1029 24(74).

218 1038 323 1082 huic
353 1039 554 1094 capitulo
585 1040 647 1082 52
678 1039 750 1093 (=
781 1038 943 1082 Theod.
975 1040 1051 1094 24)
1076 1039 1138 1082 ad
1167 1039 1300 1092 finem
1337 1040 1405 1082 ita
1436 1040 1558 1094 (post
1589 1041 1637 1083 et
1674 1053 1780 1083 con-

101 1101 235 1146 tinuo
276 1102 448 1147 desinit
488 1102 637 1159 dolor)
674 1104 914 1148 subscribit
954 1102 1197 1148 C'hisiarius
1238 1106 1402 1160 (rubr.)
1435 1102 1780 1148 Fenomenus

102 1167 252 1212 liber
280 1168 496 1225 primus
528 1168 785 1225 explicit.
848 1168 1064 1225 Incipit
1095 1183 1360 1214 oxeorum
1398 1169 1548 1214 liber
1587 1184 1781 1214 secun-

101 1234 217 1278 dus.
267 1233 437 1278 Cuius
475 1234 576 1278 hec
609 1237 695 1278 est
727 1233 1099 1279 continentia.
1149 1237 1294 1280 multa
1323 1250 1425 1281 vero
1464 1241 1700 1292 praetcrea
1731 1237 1783 1279 iii
1806 1254 1848 1285 15

100 1301 195 1344 cod.
224 1300 515 1344 Beroliucnsi
544 1306 795 1357 sequuntur
824 1301 921 1344 sirie
950 1302 1109 1346 ordine
1136 1305 1235 1356 (ricc
1265 1303 1317 1346 iri
1347 1303 1495 1347 iudice
1526 1308 1683 1346 notata
1706 1304 1783 1347 scd

0 1348 8 1370 ’ζ’
96 1371 201 1422 post
224 1380 350 1422 quac,
379 1367 538 1410 omisso
561 1367 641 1409 illo
672 1365 864 1421 explicit
890 1367 999 1411 libri
1015 1368 1174 1423 primi,
1206 1369 1406 1412 addatur
1429 1370 1574 1412 ultera
1604 1373 1783 1412 tautum

98 1446 212 1488 pars
241 1433 451 1477 rubricae
492 1431 664 1488 Incipit
687 1431 819 1476 liber.
845 1432 899 1475 II.
934 1445 1061 1476 oxea.
1108 1432 1247 1477 Cuius
1273 1433 1358 1477 hec
1390 1435 1461 1477 est
1493 1433 1782 1477 continentia

98 1510 146 1554 p.
173 1499 249 1552 71)
283 1498 415 1554 quasi
444 1497 714 1542 Addcuda
747 1499 1020 1543 addendis
1050 1500 1157 1544 haec
1191 1503 1253 1555 (p.
1281 1502 1342 1544 67
1372 1501 1503 1555 ius).-

163 1613 245 1656 Ad
269 1612 521 1657 dolorem
552 1613 741 1669 quiex
771 1613 943 1670 plaga
975 1617 1072 1658 aut
1103 1629 1166 1659 ex
1196 1618 1412 1660 tumore
1442 1617 1721 1672 provenit.
1807 1633 1848 1662 20

221 1678 379 1723 Vitem
411 1679 570 1723 albam
601 1680 818 1723 combure
858 1682 906 1724 et
936 1680 1010 1724 fac
1048 1681 1307 1737 pulverem,
1349 1684 1396 1725 et
1427 1683 1678 1740 axungiam
1709 1698 1782 1726 ur-

104 1744 256 1788 sinam
286 1745 429 1790 misce
462 1748 509 1790 et
547 1745 746 1802 impone.
811 1760 867 1790 ex
898 1746 999 1802 ipso
1035 1746 1188 1790 cinere
1227 1746 1421 1791 lixivam
1459 1748 1534 1793 fac
1574 1751 1622 1793 et
1658 1749 1781 1804 lava,

104 1810 416 1855 certissimum
447 1813 530 1856 est.
575 1811 622 1855 it
631 1826 655 1855 e
664 1827 711 1854 m
743 1827 770 1855 a
782 1813 812 1854 d
842 1811 899 1868 pl
909 1826 938 1856 a
947 1827 978 1868 g
987 1826 1015 1856 a
1024 1828 1082 1856 m.
1116 1812 1412 1856 millefolium
1444 1829 1547 1858 cum
1580 1814 1783 1870 axungia

0 1917 15 1940 ἱ.
105 1876 220 1921 trita
252 1880 299 1922 et
315 1878 551 1934 >imposita
581 1878 699 1921 bene
732 1879 880 1921 sanat.
927 1878 1152 1935 plantago
1176 1878 1292 1922 trita
1316 1893 1420 1922 cum
1452 1881 1656 1937 axungia
1678 1894 1783 1937 por-

104 1941 213 1986 cina
242 1944 413 2000 plagae
444 1944 711 1999 frequenter
741 1943 964 1999 imposita
1002 1943 1052 1987 in
1088 1959 1262 2001 paucos
1303 1944 1402 1989 dies
1436 1948 1584 1990 sanat.
1648 1946 1784 1990 item
1808 1960 1849 1991 25

105 2007 369 2053 infusura
409 2011 492 2066 adl
515 2010 755 2066 plagam.
803 2009 963 2053 vinum
994 2012 1042 2053 et
1080 2010 1232 2054 oleum
1271 2010 1346 2054 fac
1385 2011 1555 2055 bullire
1595 2011 1784 2055 insimul

0 2095 18 2109 ν
105 2076 155 2118 et
185 2074 328 2119 misce
361 2090 466 2118 cum
495 2075 599 2131 pice
631 2088 800 2131 graeca
832 2077 880 2119 et
916 2075 1156 2132 pulverem
1196 2090 1333 2132 super
1368 2077 1561 2134 plagam
1593 2077 1781 2121 semina.

106 2139 245 2184 item
275 2141 345 2184 ad
386 2155 606 2184 carnem
643 2140 945 2196 putridam.
1000 2141 1113 2184 ficus
1154 2141 1300 2185 siccas
1343 2143 1705 2198 tragacanthum
1737 2144 1784 2186 et

110 2205 182 2248 sal
213 2207 311 2250 tere
342 2206 528 2250 fortiter
559 2209 607 2249 et
636 2219 756 2262 pone
790 2220 927 2262 super
956 2206 1131 2255 malam
1163 2221 1361 2252 carnem.

226 2270 364 2315 item
396 2272 465 2315 ad
501 2271 730 2327 plagam
769 2271 964 2315 celerius
1004 2272 1286 2328 sanandam,
1320 2275 1368 2316 et
1399 2272 1670 2328 sanguinem
1704 2286 1782 2315 vo·
1807 2288 1849 2319 30

109 2336 359 2382 mentibus,
413 2337 606 2381 mirifice
654 2336 856 2393 stringit.
914 2338 1049 2380 detur
1095 2351 1200 2380 cum
1244 2338 1354 2381 vino
1402 2339 1599 2381 austero.
1647 2336 1784 2393 gypsi

108 2402 231 2447 cocti
254 2413 314 2451 -ζ-
336 2403 393 2459 11,
424 2403 643 2446 mastices
667 2413 726 2451 ÷
749 2403 806 2458 II,
838 2402 988 2446 libani
1012 2414 1069 2450 ÷
1085 2403 1138 2447 H.
1180 2405 1279 2447 tere
1305 2402 1555 2459 diligenter
1579 2405 1626 2447 et
1650 2416 1784 2447 cerne

108 2470 158 2512 et
187 2468 323 2513 mitte
355 2468 405 2511 in
427 2468 631 2525 plagam,
664 2468 839 2512 bonum
862 2470 945 2512 est.
993 2468 1131 2511 item
1153 2468 1344 2524 pulvis
1377 2469 1445 2512 ad
1476 2467 1784 2511 cicatrices

232 2619 254 2657 1
289 2613 552 2669 camepiten
576 2615 615 2658 b.
708 2617 733 2656 5
765 2613 939 2670 ligabis
970 2615 1034 2659 sic
1059 2615 1097 2659 b.
1190 2613 1406 2658 conferbe
1432 2616 1470 2658 b.
1566 2618 1590 2656 7
1616 2628 1719 2658 osso
1745 2615 1783 2660 b.

113 2676 166 2715 11
199 2673 321 2716 rubr.
347 2673 452 2716 dedi
481 2686 537 2716 ex
566 2686 590 2716 c
613 2673 723 2728 (riori
746 2673 887 2728 pleria
918 2678 1043 2717 extat
1073 2673 1125 2716 iri
1150 2673 1175 2716 b
1199 2672 1267 2716 De
1290 2671 1667 2728 percussionibus
1692 2674 1787 2730 apd

113 2728 400 2786 scorpionis).
431 2731 508 2774 sed
536 2731 594 2784 cf.
626 2731 721 2774 iud.
755 2732 793 2775 b.
967 2735 1023 2774 20
1055 2744 1110 2774 ex
1141 2730 1333 2775 humore
1365 2733 1402 2776 b.
1585 2734 1640 2774 25
1671 2730 1788 2776 item

111 2794 191 2833 etc.
223 2789 346 2834 rubr.
378 2802 461 2833 scr.
495 2789 534 2832 b.
693 2793 749 2832 27
779 2788 907 2846 pisce
939 2791 978 2834 b.
1130 2791 1186 2831 28
1218 2788 1333 2834 item
1363 2795 1439 2834 etc.
1472 2791 1596 2834 rubr.
1628 2804 1711 2835 scr.
1746 2792 1785 2835 b.

115 2846 233 2902 drag
265 2848 303 2891 b.
466 2850 519 2890 31
553 2850 704 2903 gypsfi
735 2850 870 2892 cocti-1
896 2882 907 2893 .
932 2884 941 2893 .
970 2884 978 2893 .
1010 2847 1179 2893 mastic
1204 2884 1212 2892 .
1241 2885 1249 2893 .
1278 2884 1286 2893 .
1312 2847 1475 2892 libanu
1507 2850 1555 2896 b.
1667 2853 1723 2893 33
1754 2849 1785 2893 b
