1988 3184
60 257 120 300 29

59 588 118 629 30

59 919 114 958 31

58 1180 160 1223 32’

58 1522 115 1562 33

59 1727 118 1766 34

645 123 728 164 DE
760 123 1031 165 smrmoi—
1049 123 1356 168 MEmcmA.
1724 121 1836 176 407

269 252 549 310 Capparis
588 252 813 298 virtutem
841 253 988 298 habet
1027 253 1232 298 calidam
1263 257 1311 299 et
1342 254 1589 312 acriorem,
1629 257 1678 301 et
1715 255 1835 301 facit

151 318 421 377 specialiter
451 319 514 362 ad
545 318 770 363 duritiam
800 318 995 376 splenis,
1037 318 1077 363 si
1115 320 1220 375 quis
1263 335 1370 365 cum
1399 324 1534 366 aceto
1573 324 1656 366 aut
1693 322 1834 367 melle

151 399 375 442 apozema
406 384 596 442 biberit,
629 387 712 429 aut
743 385 1029 430 extrinsecus
1054 385 1161 430 aliis
1185 387 1540 432 medicamentis
1569 388 1834 433 commixtis

151 451 304 509 spleni
334 450 623 508 imposuerit.
660 454 795 496 curat
825 453 873 496 et
905 451 1089 501 dolores
1121 452 1345 510 dentium,
1378 454 1419 497 si
1450 454 1501 498 in
1532 457 1667 500 aceto
1699 457 1835 499 cocta

149 517 306 574 fuerit,
338 518 386 562 et
410 519 595 562 acetum
617 517 772 574 ipsum
802 515 853 561 in
884 532 962 562 ore
992 518 1209 564 tenuerit.

269 583 693 628 Cardamomum
722 583 920 627 nimium
950 584 1139 629 virtutis
1171 585 1355 630 calidae
1379 588 1464 643 est,
1497 586 1548 629 in
1570 588 1758 631 tantum
1779 588 1835 631 ut

152 651 192 694 si
223 650 328 706 quis
352 650 568 707 pulveres
594 649 694 694 eius
720 649 993 706 disperserit
1010 688 1018 696 .
1034 687 1048 711 .·
1069 688 1078 696 .
1099 650 1300 707 denique
1323 651 1441 696 facit
1464 652 1528 696 ad
1550 652 1833 697 ischiadicos

150 716 352 761 linitum.
384 716 531 760 habet
562 718 610 759 et
641 715 1004 761 amaritudinem
1027 718 1276 775 quandam,
1307 732 1393 775 per
1415 733 1557 774 quam
1579 719 1833 764 lumbricos

150 782 336 827 occidit.
379 781 505 826 facit.
542 782 604 825 ad
651 781 836 826 scabias
884 784 1214 841 extergendas,
1256 784 1296 828 si
1335 799 1440 829 cum
1487 787 1620 829 aceto
1667 785 1834 830 tritum

147 848 301 893 fuerit.

267 914 599 959 Castoreum
629 913 849 959 calefacit
873 916 921 959 et
945 915 1093 959 siccat
1124 917 1172 960 et
1195 915 1380 961 fortiter
1410 919 1646 962 extenuat.
1681 920 1730 962 et
1761 920 1834 962 est

146 980 462 1025 necessarium
490 979 630 1023 valde
657 979 828 1035 quibus
860 994 917 1025 ex
948 981 1243 1026 abundantia
1272 997 1485 1027 umorum
1501 998 1727 1040 spasmus
1763 984 1831 1028 fit.

148 1046 266 1091 facit
306 1049 354 1091 et
395 1046 458 1090 ad
496 1045 719 1090 tremulos
757 1046 834 1091 vel
873 1047 935 1091 ad
974 1061 1132 1092 omnes
1169 1047 1412 1104 passiones
1452 1062 1701 1094 nervorum
1732 1049 1832 1094 sive

148 1112 326 1157 cerebri
356 1111 651 1156 mirabiliter.

147 1246 347 1302 habent,
387 1247 435 1290 et
464 1247 723 1301 provocant
759 1247 998 1290 menstrua
1029 1248 1078 1290 et
1119 1247 1387 1292 abortiones
1421 1249 1675 1305 deponunt.
1716 1248 1834 1292 facit

150 1314 198 1356 et
228 1312 291 1355 ad
324 1325 402 1355 eos
435 1310 517 1366 qui
549 1310 825 1367 sanguinem
856 1314 1077 1369 expuunt,
1110 1313 1150 1356 si
1182 1327 1262 1357 sex
1286 1314 1490 1370 scripula
1515 1316 1599 1358 aut
1628 1314 1679 1357 in
1709 1329 1833 1370 aqua

148 1380 233 1422 aut
277 1377 328 1420 in
378 1377 487 1421 vino
535 1376 822 1433 acceperint,
877 1377 927 1420 id
973 1381 1045 1422 est
1090 1378 1413 1423 febricitantes
1460 1380 1511 1423 in
1556 1394 1704 1437 aqua,
1749 1379 1833 1424 alii

148 1460 198 1487 m
228 1457 351 1488 vino.

267 1178 300 1223 C
311 1192 336 1223 e
349 1178 616 1223 ntauriae
639 1178 831 1223 maioris
855 1179 1037 1223 radices
1063 1180 1289 1225 acriorem
1313 1183 1360 1225 et
1380 1181 1581 1226 calidam
1608 1181 1833 1226 virtutem
1879 1192 1901 1224 5

1858 864 1907 895 10

268 1517 405 1561 Cera
435 1516 625 1560 virtutis
663 1515 912 1559 mediocris
945 1518 1016 1559 est
1047 1518 1095 1560 et
1132 1530 1283 1573 neque
1327 1517 1546 1562 calefacit
1576 1532 1727 1574 neque
1758 1518 1829 1561 in-
1854 1529 1900 1561 20

147 1583 346 1640 frigidat
375 1596 527 1638 neque
558 1583 779 1637 umectat,
813 1581 895 1624 sed
927 1580 1201 1637 adiungitur
1224 1581 1472 1626 adiutoriis
1505 1597 1625 1638 quae
1658 1584 1832 1629 extrin-

150 1663 280 1694 secus
312 1648 626 1704 imponuntur.

269 1719 580 1765 Cucurbita
610 1719 834 1763 virtutem
863 1719 1009 1763 habet
1031 1719 1254 1776 frigidam
1279 1722 1326 1764 et
1349 1722 1595 1765 umectam.
1630 1721 1831 1777 denique

149 1787 266 1831 facit
296 1800 460 1830 rasura
490 1785 638 1842 ipsius
671 1785 732 1829 ad
756 1788 986 1830 tumorem
1010 1785 1193 1830 aurium
1216 1785 1297 1841 qui
1321 1800 1378 1830 ex
1400 1786 1582 1831 fervore
1606 1787 1831 1844 nascitur,

270 1975 292 2012 1
327 1969 484 2014 Simon
514 1983 546 2013 s.
580 1969 770 2025 Kapara
801 1983 942 2024 quam
964 1968 1102 2012 multi
1134 1969 1376 2013 cinobatos
1401 1968 1723 2030 (κυνόσβατον)
1749 1973 1834 2016 aut
1885 1957 1891 1962 ⁴

148 2025 613 2096 caprionssnompiocv)
637 2029 817 2095 vocant.
840 2030 938 2095 etc..
950 2027 1219 2071 Theodorus
1250 2027 1392 2073 Prisc.
1425 2028 1547 2097 libro
1589 2030 1646 2073 de
1678 2030 1830 2087 simpl.

148 2088 430 2190 ῗῗέὲωῖῗέῗιε.
443 2086 1178 2200 622⁰ffi.0{25”332²2⁸04v2‘2³0}m
1180 2092 1554 2202 ⁶t32pp⁰52²⁰r²1⁰ss⁸²t²⁶⁸
1608 2089 1694 2134 Th·
1741 2103 1805 2146 pr
1806 2103 1833 2134 ⁰

267 2204 446 2261 [Simon
476 2217 508 2247 s.
530 2202 779 2247 Othonion.
805 2203 945 2247 Theo.
978 2202 1138 2247 Prisci.
1178 2203 1476 2248 celidonia
1507 2205 1657 2249 maior
1689 2220 1834 2261 quam

147 2262 285 2306 multi
318 2261 546 2306 othonion
576 2263 760 2306 vocant.
796 2262 972 2317 (Diosc.
997 2265 1043 2317 2,
1065 2265 1169 2306 211.
1201 2263 1259 2317 cf.
1282 2263 1414 2320 213)]

268 2443 292 2482 1
324 2438 393 2482 De
425 2450 641 2494 capparo.
675 2436 908 2493 Cappares
945 2437 999 2481 G.
1151 2441 1176 2479 2
1210 2436 1505 2492 especialiter
1538 2438 1592 2482 G.
1745 2439 1831 2496 spl.

147 2498 209 2542 Et
242 2498 283 2541 si
313 2496 418 2552 quis
444 2536 453 2540 -
482 2532 490 2540 .
519 2532 527 2541 .
559 2496 614 2540 G.
706 2500 732 2538 3
765 2495 974 2552 apotima
1010 2495 1063 2540 G.
1156 2499 1185 2537 4
1215 2494 1476 2551 inposuerit
1500 2498 1645 2541 curat.
1678 2497 1740 2541 Et
1775 2498 1832 2544 G.

149 2562 177 2601 5
210 2560 258 2601 et
290 2557 423 2599 aceto
455 2555 610 2611 ipsum
637 2554 690 2598 G.
814 2560 839 2598 6
871 2554 940 2598 De
973 2554 1286 2599 cardamomu.
1320 2554 1629 2599 Cardamomu
1657 2555 1710 2600 G.

151 2620 180 2658 7·
210 2613 482 2670 disperserit
507 2612 717 2668 denique.
733 2614 850 2668 (sine
885 2614 1070 2669 lacwna)
1100 2613 1153 2657 G.
1247 2611 1464 2657 sciaticos
1492 2614 1547 2658 G.
1633 2619 1658 2657 9
1685 2613 1834 2658 sicum

148 2675 288 2718 aceti-1
323 2672 378 2717 G.
502 2676 556 2715 12
588 2670 916 2715 habundantia
947 2677 1052 2716 ante
1082 2684 1196 2716 corr.
1233 2670 1287 2716 G.
1431 2676 1487 2715 13
1518 2673 1739 2717 tremolos
1775 2674 1830 2719 G.

266 2744 482 2775 neruium
513 2730 612 2774 sive
643 2729 885 2774 cerebrum
915 2729 969 2774 G.
1093 2733 1148 2773 15
1179 2729 1248 2774 De
1280 2730 1534 2777 centauria.
1569 2731 1832 2776 Centauriis

148 2792 255 2846 (sic)
293 2789 347 2835 G.
443 2793 497 2833 17
522 2788 750 2845 scripulas
785 2788 840 2833 G.
934 2792 989 2833 18
1021 2787 1256 2845 acceperit
1289 2789 1343 2834 G.
1436 2794 1492 2834 20
1523 2790 1751 2847 infrigdat
1775 2792 1830 2836 G.

149 2853 205 2893 21
239 2847 465 2892 adiutorii
499 2847 554 2892 G.
677 2851 733 2890 22
764 2846 1052 2903 inponuntur
1078 2847 1134 2893 G.
1255 2851 1311 2891 23
1340 2848 1608 2893 humectam
1634 2851 1751 2906 (hic)
1774 2850 1831 2895 G.

148 2912 207 2951 24
236 2912 400 2951 rasura
436 2906 479 2951 G
510 2908 619 2963 (τῶν
651 2904 893 2967 ξυσμάτων
925 2906 1070 2950 αὐτοῦ
1102 2905 1128 2956 ὁ
1159 2904 1323 2963 χυλός).
1453 2908 1515 2952 ad
1545 2908 1737 2953 humore
1774 2909 1834 2955 G.
