1988 3184
662 0 877 30 »ς-,ᾒνςζχεςεκιξ
891 0 917 11 --ι
949 0 970 34 vs·
1055 0 1062 3 -
1094 0 1108 12 t
1151 0 1159 13 .-

716 129 725 140 ’
763 143 1207 198 ADDIT'AMENTA.
1714 151 1822 208 339

137 283 304 329 ladani
333 296 387 334 ÷
423 285 467 341 Ι,
515 285 731 330 afronitri
760 296 821 333 ÷
843 285 930 343 VI,
971 285 1128 330 omnia
1165 285 1281 330 trita
1318 285 1369 329 in
1412 299 1549 343 pesso
1605 286 1821 332 subicieS.

110 341 115 343 ³
139 351 214 396 his
246 351 392 396 etiam
422 351 788 397 sternutationes
820 366 878 397 ex
907 351 1017 396 albo
1050 351 1257 398 elleboro
1297 351 1498 397 struthio
1525 355 1578 397 et
1609 355 1834 398 castoreo-r

138 419 459 475 procurandae
491 421 613 475 sunt,
644 421 699 463 ut
728 417 949 463 membris
984 418 1198 463 omnibus
1231 418 1484 476 exagitatis
1506 433 1649 476 pecus
1680 419 1820 464 facile

140 485 406 541 extorqueri
435 486 623 545 possit]
1512 536 1514 538 ,

258 551 393 609 [item
414 554 548 596 rutae
573 565 734 595 sucum
754 554 864 608 post
885 551 1108 596 balneum
1130 551 1279 608 bibat,
1312 551 1462 597 eiciet.
1495 552 1818 612 itemf’ssmurrae
1844 565 1866 598 5

139 617 406 662 artemisiae
437 617 592 663 violae
625 632 783 662 semen
813 631 964 674 aequa
988 631 1206 662 mensura
1229 633 1335 662 cum
1359 632 1469 663 suco
1500 621 1687 663 mentae
1712 621 1821 676 post

112 683 359 728 ,balneum
403 683 554 741 bibat,
602 684 752 730 eiciet.
799 683 1067 742 lupinorum
1103 684 1327 742 farinam,
1374 685 1529 729 violae
1578 699 1735 730 semen
1773 687 1822 730 et

138 764 299 793 sucum
335 752 522 794 mentae
562 764 667 794 cum
712 750 980 795 artemisiae
1021 751 1291 795 decoctione
1331 751 1408 795 vel
1448 750 1675 795 dictamni
1711 754 1820 808 post

134 815 358 860 balneum
379 815 529 872 bibat,
563 815 736 875 eiciet]
782 816 976 873 panacis
1007 816 1235 874 radicem,
1275 831 1480 875 murrae,
1521 818 1677 874 aloae,
1710 818 1820 861 cha-

134 882 403 939 maedryos,
443 895 549 925 cum
580 896 689 926 suco
721 885 908 927 mentae
938 885 1047 939 post
1084 883 1308 927 balneum
1336 883 1490 939 bibat,
1535 883 1687 928 eiciet.
1734 899 1818 940 pu·
1843 898 1886 928 10

133 947 216 991 leii
247 947 539 1005 manipulum
562 949 584 992 I
614 963 720 993 cum
750 948 901 993 tribus
942 949 1020 993 SSS
1061 963 1212 1004 aquae
1252 963 1398 1004 coque
1439 950 1501 993 ad
1538 949 1728 1005 tertiae,
1772 952 1820 994 et

133 1013 184 1056 in
214 1013 384 1058 balneo
417 1015 591 1059 sudans
631 1015 788 1072 bibat,
829 1015 982 1060 eiciet.
1030 1015 1119 1059 hoc
1154 1015 1357 1059 secundo
1397 1017 1444 1059 et
1481 1015 1623 1059 tertio
1655 1015 1816 1061 facies

134 1078 271 1123 huius
316 1080 522 1137 potionis
568 1081 723 1126 facilis
779 1081 970 1126 effectus
1020 1081 1130 1138 erit,
1179 1082 1219 1125 si
1266 1083 1516 1138 conceptus
1562 1096 1819 1137 numquam

135 1146 330 1190 duorum
360 1147 504 1192 fuerit
534 1148 776 1193 mensium.
826 1148 1124 1204 argemoniae
1155 1162 1308 1192 ramos
1343 1149 1405 1192 ad
1432 1147 1639 1192 medium
1670 1162 1817 1204 usque

135 1213 350 1257 decoctos
390 1216 438 1258 et
477 1228 718 1270 quousque
755 1215 936 1272 nigrior
974 1229 1099 1270 aqua
1137 1214 1241 1270 fiat,
1274 1214 1430 1271 bibat,
1471 1214 1621 1258 eiciet.
1674 1215 1816 1272 [arte-
1841 1228 1883 1260 15

132 1277 297 1322 misiae
337 1293 473 1323 sucus
511 1280 588 1324 vel
639 1281 738 1324 eius
785 1280 941 1337 pulvis
983 1283 1188 1337 potatus.
1239 1280 1305 1324 sic
1344 1280 1700 1337 aristolochiae,
1750 1281 1815 1324 sic

132 1346 266 1388 rutae
298 1347 468 1403 sucus,]
501 1345 568 1389 sic
599 1346 757 1390 inulae
780 1346 936 1403 pulvis
969 1361 1074 1390 cum
1109 1361 1231 1403 aqua
1254 1350 1458 1404 potatus.
1492 1347 1607 1391 item
1630 1361 1815 1391 murrae

131 1421 189 1458 ÷
213 1410 247 1466 Ι,
281 1410 510 1454 absinthii
533 1411 669 1468 ireos,
703 1412 985 1469 opopanacis
1019 1427 1110 1457 ana
1133 1424 1193 1462 -ζ-
1216 1414 1249 1469 Ι,
1283 1413 1453 1457 cummi
1477 1422 1533 1461 ÷
1558 1413 1615 1457 II.
1658 1412 1814 1456 omnia

134 1476 308 1520 detrita
353 1476 526 1521 misceo
575 1491 630 1521 ac
674 1478 897 1522 trociscos
943 1478 1088 1535 facio,
1139 1482 1186 1522 et
1231 1481 1339 1534 post
1391 1477 1614 1522 balneum
1662 1477 1814 1534 bibat,

133 1542 282 1587 eiciet.
333 1542 490 1587 ovium
520 1543 584 1587 fel
615 1543 666 1587 in
696 1544 938 1588 meliorato
969 1545 1118 1589 bibat.
1167 1544 1282 1588 item
1319 1558 1502 1588 murrae
1533 1555 1593 1591 —.'-
1615 1544 1655 1599 I,
1699 1543 1812 1587 ficus
1838 1559 1881 1589 20

130 1609 271 1665 XXX,
303 1609 499 1666 galbani
527 1621 587 1658 ÷
610 1610 644 1666 I,
678 1609 893 1655 afronitri
915 1620 975 1660 -ζ-
997 1611 1074 1655 VI.
1123 1610 1280 1655 omnia
1302 1610 1450 1654 mixta
1475 1612 1523 1654 et
1554 1624 1660 1653 cum
1682 1609 1814 1653 meli-

132 1677 260 1718 crato
284 1675 435 1732 bibas,
461 1674 705 1719 miraberis
761 1675 942 1734 [Coacti
975 1676 1119 1721 etiam
1143 1676 1410 1735 (aliorum)
1437 1675 1612 1732 scripta
1643 1675 1812 1720 transi-

133 1740 283 1784 vimus
311 1779 319 1786 .
348 1778 355 1786 .
385 1779 393 1787 .
418 1743 498 1787 vid
544 1742 622 1786 Pr.
656 1756 688 1786 s.
714 1745 777 1786 27
807 1757 946 1799 usque
979 1744 1041 1787 ad
1072 1744 1218 1799 finem.

249 1894 274 1932 2
309 1889 481 1933 strucio
515 1891 551 1934 b.
728 1893 753 1931 3
785 1891 838 1932 ut
869 1902 950 1934 om.
985 1892 1023 1934 b.
1176 1895 1201 1933 5
1234 1904 1369 1933 sucus
1402 1891 1440 1934 b.
1474 1904 1574 1933 cum
1604 1904 1717 1946 seqq.
1751 1890 1807 1944 cf.

129 1947 273 1993 Prisc.
307 1962 339 1992 s.
364 1951 438 1993 25.
533 1953 558 1991 6
592 1961 632 1991 a.
665 1962 746 1992 m.:
781 1961 871 1991 ana
896 1949 934 1992 b.
1029 1952 1052 1991 7
1084 1948 1265 1992 farina.
1289 1961 1525 1992 ..semen.
1547 1962 1740 1992 ..sucus
1770 1950 1808 1992 b.

131 2055 157 2095 8
191 2050 422 2108 diptamni
454 2053 492 2096 b.
625 2054 650 2093 9
684 2051 950 2095 camedreos
983 2052 1021 2096 b.
1178 2056 1229 2095 12
1261 2010 1304 2094 ΙΟΙ
1336 2054 1383 2095 et
1411 2010 1477 2095 ΙΙΙ
1509 2053 1533 2096 b
1569 2054 1638 2107 (ut
1668 2066 1811 2107 supra

122 2153 171 2195 10.
199 2142 305 2195 338,
336 2144 404 2195 2).
556 2143 611 2181 13
643 2119 739 2194 11ῦέ
774 2140 875 2194 (sic)
910 2140 948 2184 b.
1102 2144 1158 2182 14
1189 2139 1441 2184 acrimonie
1473 2141 1510 2184 b.
1666 2144 1719 2183 15
1751 2141 1807 2194 cf.

130 2198 274 2244 Prisc.
309 2213 342 2242 s.
367 2202 439 2243 24.
543 2201 597 2240 19
629 2198 773 2241 misco
807 2199 845 2241 b.
938 2200 995 2240 20
1019 2198 1075 2252 cf.
1110 2198 1188 2242 Pr.
1223 2212 1254 2243 s,
1280 2201 1342 2243 26
1367 2202 1437 2254 (ut
1467 2202 1645 2254 supra).

1446 3012 1533 3056 22*
