1988 3184
676 148 1124 191 ADDITAMENTA.
1458 153 1460 155 ·
1633 145 1754 200 287·

38 274 176 334 vitem
214 276 254 322 si
285 276 400 334 quid
437 277 563 322 intra
602 291 743 323 anum
783 277 999 321 innatum
1034 277 1179 323 fuerit
1217 280 1366 323 sanat.
1424 291 1581 323 semen
1612 278 1741 323 aneti

47 342 219 388 mittes
249 343 301 388 in
331 343 476 388 ollam
503 357 676 389 novam
699 345 747 388 et
769 343 960 387 claudes
985 343 1238 401 diligenter
1261 358 1456 401 eamque
1479 345 1531 388 in
1553 345 1741 389 furnum

0 408 15 454 ζ.
58 408 220 453 mittes
252 423 357 453 cum
383 408 660 454 incenditur.
699 410 866 466 postea
888 409 1140 454 favillam
1125 425 1278 467 1psam
1299 412 1470 456 tundes
1493 414 1541 455 et
1563 425 1737 468 cernes,

59 477 109 519 et
137 474 372 532 imponas,
416 474 574 519 omnia
610 474 730 520 vitia
770 474 849 519 ani
895 477 1044 520 sanat.
1091 475 1209 533 picis
1258 476 1441 521 resinae
1481 491 1614 522 cerae
1652 477 1738 521 bu-

58 541 155 597 tyri
186 541 284 587 sevi
315 541 495 598 caprini
525 546 619 585 un‘c
649 541 873 598 singulae,
907 555 1098 597 spumae
1138 542 1322 600 argenti
1360 547 1454 587 un‘c
1475 544 1498 587 I
1528 543 1739 589 commis-
1788 556 1808 588 5

60 606 203 664 cebis,
235 607 392 652 omnia
421 607 542 652 vitia
558 607 654 651 >ani
686 607 722 651 si
756 606 936 651 linieris
969 611 1118 653 sanat.

178 673 258 717 ani
287 673 408 718 vitia
440 673 480 717 si
511 687 604 729 qua
636 687 692 717 ex
715 673 950 717 ulceribus
974 673 1103 718 facta
1135 676 1244 719 s'unt
1275 677 1323 719 et
1347 675 1568 720 siccanda
1592 678 1741 732 erunt,

57 737 123 782 fel
145 739 386 783 taurinum
409 739 583 783 siccum
606 739 975 796 suprascriptum
997 742 1241 785 tenesmon
1263 741 1442 786 factum
1457 742 1574 787 mire
1591 745 1740 787 sanat.

57 804 174 849 folia
210 805 501 862 plantaginis
538 805 654 849 trita
693 819 798 848 cum
838 805 941 849 oleo
971 806 1120 850 veteri
1158 806 1410 864 imponito,
1449 808 1625 852 bonum
1657 810 1739 852 est.

57 870 173 915 item
203 870 332 915 ebuli
363 885 499 915 sucus
530 870 733 915 illinitus
767 871 847 914 ani
868 871 1133 928 prurigines
1159 875 1308 918 sanat.
1355 888 1543 918 caseum
1567 875 1742 918 salsum
1766 887 1808 918 ιο

57 938 107 980 et
137 936 260 981 aceti
297 936 522 993 pusillum
561 936 701 980 simul
740 936 994 980 contritum
1030 938 1190 982 ulcera
1232 939 1312 983 ani
1352 942 1485 983 curat
1515 940 1742 984 illinitum

3 1029 7 1031 -
57 1005 105 1048 et
134 1016 285 1058 neque
316 1005 546 1047 tumorem
575 1016 727 1058 neque
762 1003 1146 1058 suppurationem
1176 1004 1306 1049 facit.

174 1068 514 1113 Mulieribus
562 1068 686 1112 circa
734 1082 899 1124 corpus
953 1069 1107 1126 ipsum
1154 1070 1306 1115 solent
1351 1072 1550 1128 ragadia
1596 1072 1740 1128 nasci,

57 1149 176 1192 quae
208 1135 278 1179 ita
309 1138 543 1180 curantur.
599 1134 836 1179 medullae
871 1135 1086 1180 cervinae
1118 1147 1177 1184 -ζ-
1200 1137 1276 1193 VI,
1312 1137 1404 1181 olei
1434 1138 1557 1182 rosei
1591 1148 1647 1186 -ζ-
1676 1138 1742 1181 III

56 1203 118 1246 ad
148 1201 302 1246 focum
332 1201 486 1246 lenem
515 1201 719 1246 resolves
752 1203 800 1245 et
830 1201 1166 1259 commiscebis‚
1200 1205 1248 1247 et
1271 1203 1547 1260 refrigerato
1579 1204 1737 1248 uteris.
1766 1215 1806 1247 15

3 1300 6 1301 γ
55 1267 136 1324 qui
175 1267 388 1311 assellari
425 1281 519 1311 non
556 1269 774 1324 possunt,
823 1267 977 1311 mellis
1026 1268 1138 1312 salis
1175 1268 1289 1313 triti
1336 1270 1567 1314 coclearia
1605 1272 1740 1314 terna

3 1360 6 1366 ·
55 1333 194 1378 simul
232 1333 504 1378 deferveant
541 1333 591 1376 in
629 1333 852 1377 trullione
893 1333 962 1377 ita
993 1348 1051 1378 ne
1082 1334 1269 1391 nigrum
1308 1335 1404 1380 fiat.
1453 1336 1597 1380 facies
1631 1337 1741 1379 dum

2 1407 4 1412 '
55 1400 259 1457 tepuerit
303 1400 499 1456 collyria
539 1399 667 1444 etin
707 1413 796 1443 ano
838 1399 1025 1456 singula
1065 1400 1288 1457 subicies,
1327 1416 1436 1445 mox
1476 1402 1738 1447 assellatur.

54 1466 196 1510 muris
230 1469 426 1526 stercus,
458 1466 701 1523 <piperis>
733 1480 880 1522 grana
911 1466 1009 1521 XV,
1051 1467 1270 1510 aluminis
1302 1468 1546 1524 pusillum,
1587 1468 1739 1512 mellis

0 1539 3 1550 ⁵
56 1532 286 1577 coclearia
316 1533 380 1588 H,
425 1532 537 1576 salis
568 1531 673 1576 triti
705 1532 817 1575 cccl.
844 1532 865 1574 Ι
895 1533 1016 1576 teres
1049 1533 1189 1576 simul
1229 1536 1276 1577 et
1309 1534 1650 1591 commiscebiS,
1692 1537 1740 1578 et
1764 1545 1806 1575 20

1 1611 4 1613 “
59 1598 254 1655 collyria
284 1598 429 1643 facies·
463 1601 510 1642 et
540 1598 591 1641 in
623 1612 712 1642 ano
746 1598 959 1642 subicies.

422 1687 501 1731 Ad
523 1687 566 1742 I,
592 1690 647 1730 31
677 1689 776 1742 (85)
803 1686 879 1730 De
912 1686 1189 1743 syringiis
1226 1688 1359 1743 (fin).

170 1753 294 1797 Nam
325 1756 372 1798 et
404 1753 736 1797 chalcanthum
769 1766 874 1795 cum
905 1754 1038 1796 aceto
1063 1752 1139 1796 vel
1162 1752 1275 1796 vino
1309 1753 1512 1809 styptico
1544 1753 1709 1797 tritum
1733 1752 1915 1810 (XXXI)

58 1819 276 1876 syringiis
310 1819 484 1876 optime
515 1818 644 1862 facit.
697 1818 761 1861 sic
803 1820 850 1862 et
890 1818 1070 1861 cocleas
1111 1818 1209 1862 sine
1247 1821 1373 1863 testa
1411 1819 1552 1863 terito
1586 1822 1633 1863 et
1665 1835 1737 1876 sy-

56 1885 220 1943 ringiis
254 1885 500 1941 adhibeto,
534 1884 721 1928 curasti.
773 1883 983 1939 dactylos
1008 1883 1094 1927 XX
1126 1886 1173 1928 et
1203 1885 1258 1940 V,
1291 1884 1367 1928 vel
1398 1885 1503 1941 XV,
1543 1885 1593 1928 in
1623 1885 1738 1928 trul-
1763 1896 1805 1928 25

55 1951 180 1996 lione
211 1952 360 1996 ferreo
393 1952 634 1995 combures
666 1953 788 1994 teres
822 1951 869 1993 et
909 1949 1161 2006 diligenter
1192 1964 1350 1994 cernes
1384 1953 1432 1994 et
1464 1965 1568 1994 cum
1599 1951 1738 1994 melle

6 2071 8 2075 ,
59 2032 208 2074 aequa
238 2032 456 2063 mensura
487 2016 718 2061 miscebis.
767 2015 894 2072 prius
926 2029 1035 2059 vero
1076 2016 1132 2060 de
1172 2016 1328 2059 calida
1359 2016 1568 2060 fomenta
1601 2019 1648 2061 et
1681 2018 1738 2060 de

58 2085 234 2128 sabano
273 2087 425 2141 terge,
464 2086 574 2140 post
607 2084 662 2127 de
701 2082 810 2126 vino
850 2082 998 2126 veteri
1029 2081 1158 2137 lava,
1199 2085 1247 2125 et
1285 2082 1495 2138 impones
1535 2082 1739 2126 medica-

6 2140 7 2145 *
54 2153 261 2195 mentum
293 2165 398 2194 cum
427 2150 586 2193 linteo
636 2162 766 2192 cures
790 2161 926 2191 mane
959 2149 1006 2191 et
1038 2161 1153 2203 sero,
1185 2147 1235 2190 in
1261 2148 1336 2192 die
1360 2149 1446 2192 VII
1480 2148 1736 2192 sanabitur.

0 2224 21 2271 ξι
57 2216 301 2273 caprifolia
341 2229 460 2271 quae
500 2215 695 2269 cadunt,
738 2213 860 2257 sicca
893 2216 940 2257 et
977 2213 1026 2256 in
1064 2213 1305 2269 pulverem
1342 2214 1517 2271 redige.
1569 2214 1737 2258 deinde
1762 2227 1804 2258 30

0 2284 10 2310 ’ἶ
59 2282 120 2326 ad
151 2284 300 2326 setam
329 2281 572 2338 praecides
607 2280 878 2336 syringium,
912 2281 959 2322 et
988 2278 1097 2322 vino
1129 2280 1278 2323 veteri
1301 2279 1486 2323 lavabis
1519 2282 1567 2324 et
1590 2280 1736 2323 linteo

0 2410 30 2433 ι,

0 2437 23 2523 :bs
175 2441 200 2479 2
232 2435 418 2480 mittis
448 2470 456 2479 .
485 2434 701 2479 ,claudis
727 2436 765 2479 b.
890 2438 915 2475 5
940 2413 1013 2477 a&
1032 2433 1066 2477 1.
1083 2442 1142 2480 —:-
1160 2435 1197 2477 b
1277 2432 1621 2477 commiscetis:
1648 2433 1737 2476 Re-

56 2494 211 2538 missis
236 2497 275 2539 b.
363 2500 388 2538 6
420 2493 613 2538 linueris
639 2495 676 2538 b.
757 2497 782 2536 8
807 2494 1064 2536 tenasmon.
1152 2496 1206 2534 10
1230 2492 1260 2535 b
1285 2519 1343 2524 —
1364 2493 1401 2536 b.
1489 2496 1541 2533 11
1562 2491 1673 2534 anni
1699 2493 1736 2535 b

0 2551 2 2555 ’
19 2551 113 2596 13
144 2553 706 2598 Mulieribus-—curantur
737 2552 875 2595 oubro
905 2552 1076 2607 scripta
1106 2556 1224 2594 sunt.
1354 2549 1548 2606 ragadie
1581 2552 1618 2594 b.

23 2604 36 2654 ’ζ
61 2616 116 2655 15
147 2612 428 2669 refrigerati-1
461 2614 500 2656 b
683 2615 737 2653 16
771 2609 992 2678 assellare
1025 2611 1062 2653 b.
1216 2623 1307 2652 ana
1340 2607 1570 2652 coclearia
1592 2608 1669 2651 ΙΙΙ.
1698 2610 1736 2652 b.

37 2736 39 2739 .
61 2704 115 2744 17
148 2700 388 2745 deferveat
418 2698 469 2743 in
499 2699 736 2743 trublione
761 2700 800 2742 b.
907 2711 1054 2754 negru
1080 2699 1118 2742 b
1212 2701 1266 2739 18
1292 2711 1380 2740 ano
1407 2698 1445 2741 b.
1540 2700 1594 2739 19
1624 2698 1738 2740 ster-

34 2770 139 2814 ],cus
170 2774 263 2817 gna
291 2761 405 2815 (sine
430 2760 534 2814 lac.)
562 2760 599 2803 b.
645 2759 806 2801 addidi
828 2755 1015 2823 piperis.
1111 2760 1166 2799 20
1197 2755 1367 2799 teris..
1389 2754 1676 2800 .commiscis
1698 2757 1736 2799 b.

58 2819 113 2861 21
146 2832 270 2862 anno
302 2820 341 2863 b.
476 2822 532 2860 24
567 2820 686 2873 (ete.)
721 2814 927 2872 siringiis
961 2816 1063 2869 (sic)
1098 2816 1136 2859 b.
1274 2820 1328 2858 26
1361 2813 1593 2859 comburis
1624 2813 1738 2857 teris

155 2876 304 2921 cernis
337 2878 375 2921 b.
468 2880 522 2919 27
549 2890 584 2919 c.
611 2890 670 2919 m.
705 2888 796 2918 ana
826 2873 993 2917 misces
1019 2876 1059 2918 b.
1146 2874 1202 2917 de
1235 2873 1412 2917 sabano
1443 2874 1515 2918 hic
1537 2874 1673 2917 etiam
1697 2875 1738 2927 b,

34 2979 35 2982 ,
58 2936 139 2981 ubi
154 2936 211 2980 de
227 2937 406 2980 videtwr
423 2935 676 2979 dolendum.
748 2938 797 2976 31
822 2932 1011 2977 deinde.
1035 2931 1144 2976 inde
1163 2934 1200 2979 b.
1276 2931 1428 2988 pcidis
1447 2928 1484 2977 b.'
1546 2931 1679 2975 lavas
1698 2932 1735 2976 b.
