1950 3172
192 118 302 181 276
750 83 1327 172 pssum-'mironem

212 313 221 321 ,
309 273 516 305 vermem
553 259 765 304 invenies
803 258 856 303 in
885 254 1036 304 cicere
1074 257 1239 317 viridi,
1279 273 1419 316 quem
1455 260 1587 306 tollis
1625 262 1675 306 et
1702 255 1762 306 'in
1798 275 1883 308 vas

190 326 395 372 vitreum
431 326 606 382 mittis,
647 324 867 370 similiter
904 327 954 370 et
991 324 1196 370 farinam
1233 327 1282 371 et
1319 326 1503 383 aliquot
1532 341 1681 385 grana
1719 328 1884 374 ciceris

190 391 373 449 viridis,
407 394 456 437 et
487 391 726 448 cooperies
757 405 856 437 vas,
904 393 953 436 et
981 394 1091 449 post
1122 391 1223 438 dies
1246 392 1376 438 XXX
1407 393 1590 451 aperies
1620 398 1704 440 vas
1737 397 1786 441 et
1814 395 1886 440 in-

191 457 351 502 venies
395 458 453 502 de
484 471 642 502 verme
679 471 903 502 muscam.
952 459 1264 518 quams‘tollis
1302 462 1352 505 et
1390 460 1595 505 includis
1633 461 1685 506 in
1722 462 1886 521 lupino

148 537 169 569 5
195 537 359 580 aureo,
400 526 448 568 et
479 524 602 581 ligas
633 524 684 568 in
715 524 872 582 capite
902 524 1046 588 viro,¹
1066 525 1254 571 mulieri
1293 526 1356 571 ad.
1393 529 1617 572 ventrem.
1663 528 1783 574 haec
1811 542 1886 575 res

189 593 377 635 tantam
406 590 634 635 virtutem
663 591 811 636 habet
843 593 896 636 ut
921 591 961 635 si
984 592 1074 636 hoc
1099 592 1162 636 ad
1186 607 1359 649 aquam
1383 595 1646 639 currentem
1674 594 1886 651 posueris

188 671 298 702 mox
317 659 508 702 'statuet
538 672 656 703 eam.
704 659 788 703 sed
819 673 942 703 anno
974 673 1066 703 uno
1090 661 1279 704 tantum
1301 659 1444 717 valet,
1478 660 1573 705 alio
1605 674 1728 705 anno
1751 675 1885 706 reno-

189 723 325 769 vabis
356 716 456 768 rem
488 725 557 783 de·
579 724 674 769 6110
705 738 878 770 verme.
924 725 1014 770 hoc
1047 727 1096 771 et
1127 726 1188 770 ad
1226 726 1437 771 mulieris
1468 726 1750 784 profluvium
1779 742 1885 785 pro-

190 791 307 835 dest.

124 869 166 900 10
309 855 425 900 item
457 856 496 900 si
537 857 594 901 de
635 858 800 902 dextra
838 860 973 915 parte
1006 858 1263 903 cucurrerit
1295 857 1509 915 sanguis,
1556 859 1607 902 in
1646 859 1885 904 sinistram

191 921 309 966 dicis
344 922 533 979 Surgur.

309 989 427 1034 item
459 989 624 1034 scribis
658 990 715 1034 de
749 990 977 1048 sanguine
1010 991 1109 1036 eius
1149 991 1200 1035 in
1229 991 1383 1036 fronte
1421 991 1570 1048 ipsius
1603 1005 1708 1036 cum
1738 1007 1885 1049 grano

190 1055 309 1099 turis
342 1069 513 1100 nomen
544 1056 644 1100 eius
676 1056 875 1101 inversis
907 1057 1095 1115 litteris,
1128 1061 1176 1102 et
1206 1072 1315 1102 mox
1347 1058 1506 1103 stabit.

311 1122 521 1179 gallinae
553 1137 674 1178 quae
697 1123 854 1180 pullos
879 1124 1079 1169 exclusit
1109 1127 1258 1169 testas
1284 1139 1477 1169 ovorum
1499 1124 1670 1169 leviter
1691 1127 1885 1182 tostato,

124 1199 166 1232 15
190 1188 332 1233 terito
366 1191 414 1233 et
445 1189 720 1234 tenuissime
752 1190 1013 1236 cribellato.
1053 1191 1201 1248 ipsius
1232 1191 1476 1248 pulverem
1512 1204 1596 1248 per
1635 1192 1886 1237 carmulam

188 1255 444 1300 insufflato.
479 1269 588 1299 mox
621 1256 781 1302 stabit.

308 1321 426 1365 item
458 1322 662 1378 corrigia
694 1323 865 1367 canina
898 1323 948 1367 in
980 1324 1101 1368 collo
1133 1324 1286 1381 ligata
1316 1323 1487 1367 mirum
1518 1326 1602 1368 est.

308 1388 359 1432 in
389 1388 484 1433 tria
515 1388 632 1432 folia
666 1389 790 1433 lauri
823 1389 989 1434 scribis
1023 1391 1080 1435 de
1122 1391 1350 1448 sanguine
1382 1390 1530 1447 ipsius
1562 1391 1762 1436 Tantale
1793 1392 1884 1449 pic,

189 1454 272 1498 Pie
304 1455 501 1512 tantale‚
534 1455 735 1500 Tantale
766 1456 859 1513 pie,
905 1459 953 1501 et
986 1457 1042 1501 de
1075 1471 1185 1501 suco
1217 1457 1345 1514 porri
1375 1457 1573 1514 virginis
1604 1457 1737 1503 lavas
1770 1458 1886 1503 folia

123 1531 164 1562 20
188 1520 307 1578 ipsa,
341 1523 389 1565 et
422 1522 506 1565 das
539 1521 583 1565 ci
613 1521 791 1569 bibere.

307 1587 424 1632 item
461 1587 512 1631 in
552 1588 740 1633 chartas
782 1590 845 1634 ad
888 1603 1049 1634 aurem
1088 1589 1236 1646 ipsius
1278 1590 1499 1647 Sanguis,
1546 1590 1748 1648 imperat
1793 1591 1885 1636 tibi

190 1654 467 1711 Apuleius
500 1656 824 1701 madaurensis
856 1659 909 1701 ut
940 1671 1100 1700 cursus
1133 1659 1241 1700 tuus
1275 1659 1381 1701 stet.

305 1720 422 1764 item
452 1723 506 1764 ut
539 1736 679 1778 supra
710 1724 772 1766 ad
804 1737 965 1768 aurem
997 1722 1113 1767 dicis
1145 1723 1244 1768 Fix.
1278 1724 1353 1768 fix.
1385 1724 1523 1769 fixon.

308 1799 419 1832 nam
452 1791 499 1833 et
531 1789 666 1833 fimus
698 1790 910 1834 asininus
943 1789 1085 1834 tritus
1118 1804 1223 1834 cum
1248 1791 1476 1848 sanguine
1500 1790 1703 1837 hominis
1735 1791 1884 1849 ipsius

121 1862 163 1894 25
190 1854 239 1897 in
263 1855 487 1899 mortario
511 1858 558 1899 et
581 1855 726 1900 fronti
759 1871 864 1901 cum
887 1857 1188 1901 hemicraniis
1213 1856 1416 1902 illinitus
1442 1857 1719 1915 sanguinem
1743 1858 1883 1913 sistit,

191 1921 438 1965 candelam
469 1921 600 1966 tollis
633 1925 681 1967 et
711 1926 933 1968 naturam
955 1923 1046 1968 viri
1077 1923 1265 1981 ligabis,
1298 1924 1487 1980 mulieri
1520 1924 1794 1982 capitellum
1826 1925 1884 1970 de

190 1986 347 2031 titina.
396 1988 540 2045 lappa
579 1989 727 2046 capiti
766 1990 1058 2034 circumdata
1103 1990 1273 2034 mirum
1319 1993 1402 2036 cst.
1450 1994 1558 2036 ruta
1604 2007 1710 2036 cum
1748 1994 1883 2036 aceto

188 2053 304 2097 trita
344 2056 391 2098 et
431 2054 543 2099 lana
592 2056 818 2100 obvoluta
869 2056 1063 2100 naribus
1109 2055 1287 2102 inserta
1334 2058 1611 2115 sanguinem
1655 2059 1883 2116 reprimit.

189 2122 323 2164 rutae
373 2135 531 2166 semen
577 2122 744 2166 tritum
788 2123 982 2167 naribus
1031 2123 1322 2180 applicatum
1366 2125 1571 2182 prodest.
1634 2125 1885 2182 coagulum

123 2193 165 2225 30
190 2187 416 2243 agninum
455 2202 512 2232 ex
553 2203 677 2244 aqua
718 2189 925 2234 solutum
965 2189 1110 2234 fr0nti
1149 2189 1338 2236 illinito.
1401 2190 1514 2235 lana
1552 2191 1716 2235 sucida
1747 2205 1882 2235 aures

189 2252 287 2297 eius
320 2253 570 2299 inculcato.
635 2255 817 2300 cocleas
850 2256 989 2300 tritas
1021 2256 1166 2315 fronti
1192 2255 1387 2302 -illinito.
1451 2257 1501 2300 in
1533 2257 1699 2301 charta
1731 2256 1883 2302 scribe

188 2321 423 2365 Ma-lNoeN.
461 2323 713 2366 MalNcoat.
750 2324 989 2367 malNfflN.
1063 2336 1071 2341 ’
1524 2337 1526 2339 ·

304 2389 480 2431 cretam
511 2389 831 2445 argentariam
862 2403 967 2432 cum
1000 2389 1123 2433 aceti
1159 2389 1389 2434 cocleario
1420 2389 1585 2434 tritam
1617 2393 1665 2435 et
1694 2390 1880 2435 modico

188 2466 337 2507 aquae
368 2454 503 2511 potui
537 2455 663 2511 dato,
697 2457 745 2499 et
776 2456 912 2512 quasi
945 2456 1283 2513 sanguinem
1312 2458 1511 2501 vomet.

307 2576 328 2613 1
364 2572 460 2616 cice
494 2574 531 2617 b.
688 2577 713 2616 7
744 2574 1014 2619 renovabis:
1048 2574 1309 2620 removebis
1342 2577 1380 2620 b.
1557 2580 1611 2618 12
1643 2576 1701 2630 cf.
1733 2577 1879 2620 simile

187 2630 299 2684 quid
339 2631 390 2674 in
422 2633 628 2689 physicis
664 2634 916 2678 subiwnctis
953 2634 1036 2678 Th.
1078 2634 1223 2679 Prisc.
1263 2634 1413 2679 Bruoe.
1442 2636 1467 2690 (
1468 2635 1493 2678 l.
1504 2635 1539 2677 I
1542 2634 1598 2687 V)
1624 2648 1675 2691 p.
1694 2638 1784 2679 9οἄ
1813 2636 1881 2679 ed.

190 2688 300 2744 Ary.
455 2695 510 2733 13
542 2704 714 2735 nomen
746 2691 867 2737 eius:
899 2697 964 2735 ἰῇ
996 2693 1068 2736 et‘³
1096 2694 1199 2747 (sic)
1226 2693 1264 2738 b.
1402 2698 1458 2736 14
1488 2695 1521 2737 t.
1557 2707 1750 2737 ovorum
1781 2693 1880 2738 eius

192 2747 294 2800 (sic)
331 2748 368 2791 b.
494 2753 549 2792 18
583 2752 637 2795 de
674 2751 869 2796 Tantalo
901 2751 959 2807 cf.
992 2752 1199 2797 Ante’dot.
1233 2766 1326 2797 exc.
1359 2752 1489 2797 Leid.
1525 2754 1639 2808 (cod.
1672 2753 1879 2809 Apulei.)

190 2807 283 2848 185
317 2806 401 2859 (ed.
437 2806 675 2854 Picchotta
697 2813 858 2865 1887).
984 2815 1034 2864 21
1072 2813 1206 2855 aures
1239 2813 1276 2856 b.
1400 2816 1456 2855 22
1487 2810 1808 2856 medaurensis
1841 2813 1880 2856 b.

188 2866 244 2904 23
262 2862 388 2906 fixon
407 2867 577 2922 (ancip.
599 2868 684 2912 litt.
702 2870 806 2924 ult.)
827 2870 864 2914 b.
946 2873 1001 2912 25
1020 2869 1300 2927 emigraneis
1317 2871 1485 2927 (—nis)
1505 2872 1542 2916 ly.
1635 2875 1691 2915 27
1709 2870 1821 2927 lapa
1838 2871 1878 2916 b.

188 2939 241 2977 31
278 2934 494 2981 incucato
527 2939 564 2983 b.
675 2944 732 2983 33
765 2955 871 2985 cum
901 2944 1036 2996 aceto
1069 2943 1273 2988 coclaria
1303 2943 1419 2989 trita
1450 2946 1499 2989 et
1528 2943 1711 2989 modice
1741 2932 1814 2998 aff
1836 2945 1874 2989 b.
