<?xml version="1.0" encoding="UTF-8"?>
<!DOCTYPE html PUBLIC "-//W3C//DTD XHTML 1.0 Transitional//EN"
    "http://www.w3.org/TR/xhtml1/DTD/xhtml1-transitional.dtd">
<html xmlns="http://www.w3.org/1999/xhtml" xml:lang="en" lang="en">
 <head>
  <title>
</title>
<meta http-equiv="Content-Type" content="text/html;charset=utf-8" />
  <meta name='ocr-system' content='tesseract 3.04.00' />
  <meta name='ocr-capabilities' content='ocr_page ocr_carea ocr_par ocr_line ocrx_word'/>
</head>
<body>
  <div class='ocr_page' id='page_1' title='image "./theoeuporislibr00prisuoft_0317.png"; bbox 0 0 1988 3184; ppageno 0'>
   <div class='ocr_carea' id='block_1_1' title="bbox 0 0 374 455">
    <p class='ocr_par' dir='ltr' id='par_1_1' title="bbox 0 0 374 455">
     <span class='ocr_line' id='line_1_1' title="bbox 0 0 374 455; baseline 0 0"><span class='ocrx_word' id='word_1_1' title='bbox 0 0 374 455; x_wconf 95' lang='lat' dir='ltr'>   </span> 
     </span>
    </p>
   </div>
   <div class='ocr_carea' id='block_1_2' title="bbox 692 137 1757 191">
    <p class='ocr_par' dir='ltr' id='par_1_2' title="bbox 692 137 1757 191">
     <span class='ocr_line' id='line_1_2' title="bbox 692 137 1757 191; baseline 0.008 -9"><span class='ocrx_word' id='word_1_2' title='bbox 692 138 1140 185; x_wconf 72' lang='lat' dir='ltr'>Anm&#39;rAMssN‘rA.</span> <span class='ocrx_word' id='word_1_3' title='bbox 1647 137 1757 191; x_wconf 82' lang='grc'>285</span> 
     </span>
    </p>
   </div>
   <div class='ocr_carea' id='block_1_3' title="bbox 46 269 1758 460">
    <p class='ocr_par' dir='ltr' id='par_1_3' title="bbox 19 269 1758 460">
     <span class='ocr_line' id='line_1_3' title="bbox 46 269 1756 333; baseline -0.001 -17"><span class='ocrx_word' id='word_1_4' title='bbox 46 274 162 333; x_wconf 51' lang='lat' dir='ltr'>flant</span> <span class='ocrx_word' id='word_1_5' title='bbox 198 286 305 317; x_wconf 87' lang='lat' dir='ltr'>cum</span> <span class='ocrx_word' id='word_1_6' title='bbox 340 285 496 329; x_wconf 89' lang='lat' dir='ltr'>penna</span> <span class='ocrx_word' id='word_1_7' title='bbox 535 270 626 314; x_wconf 90' lang='lat' dir='ltr'>sibi</span> <span class='ocrx_word' id='word_1_8' title='bbox 672 269 862 315; x_wconf 86' lang='lat' dir='ltr'>illiniat.</span> <span class='ocrx_word' id='word_1_9' title='bbox 917 283 1078 315; x_wconf 86' lang='lat' dir='ltr'>ervum</span> <span class='ocrx_word' id='word_1_10' title='bbox 1121 271 1338 315; x_wconf 90' lang='lat' dir='ltr'>molitum</span> <span class='ocrx_word' id='word_1_11' title='bbox 1383 269 1592 315; x_wconf 84' lang='lat' dir='ltr'>admixto</span> <span class='ocrx_word' id='word_1_12' title='bbox 1638 271 1756 315; x_wconf 87' lang='lat' dir='ltr'>turis</span> 
     </span>
     <span class='ocr_line' id='line_1_4' title="bbox 77 335 1756 397; baseline -0.001 -14.067"><span class='ocrx_word' id='word_1_13' title='bbox 77 337 256 397; x_wconf 81' lang='lat' dir='ltr'>polline</span> <span class='ocrx_word' id='word_1_14' title='bbox 302 337 354 381; x_wconf 86' lang='lat' dir='ltr'>in</span> <span class='ocrx_word' id='word_1_15' title='bbox 397 336 508 381; x_wconf 82' lang='lat' dir='ltr'>vino</span> <span class='ocrx_word' id='word_1_16' title='bbox 545 335 695 397; x_wconf 84' lang='lat' dir='ltr'>veteri</span> <span class='ocrx_word' id='word_1_17' title='bbox 740 347 887 392; x_wconf 88' lang='lat' dir='ltr'>coque</span> <span class='ocrx_word' id='word_1_18' title='bbox 925 338 974 380; x_wconf 90' lang='lat' dir='ltr'>et</span> <span class='ocrx_word' id='word_1_19' title='bbox 1010 335 1224 393; x_wconf 87' lang='lat' dir='ltr'>tepidum</span> <span class='ocrx_word' id='word_1_20' title='bbox 1268 350 1391 393; x_wconf 88' lang='lat' dir='ltr'>pone</span> <span class='ocrx_word' id='word_1_21' title='bbox 1436 338 1485 381; x_wconf 90' lang='lat' dir='ltr'>et</span> <span class='ocrx_word' id='word_1_22' title='bbox 1530 336 1756 394; x_wconf 88' lang='lat' dir='ltr'>obligato.</span> 
     </span>
     <span class='ocr_line' id='line_1_5' title="bbox 79 401 1758 460; baseline -0.002 -11"><span class='ocrx_word' id='word_1_23' title='bbox 79 404 156 449; x_wconf 89' lang='lat' dir='ltr'>cui</span> <span class='ocrx_word' id='word_1_24' title='bbox 187 403 228 448; x_wconf 84' lang='lat' dir='ltr'>si</span> <span class='ocrx_word' id='word_1_25' title='bbox 258 403 351 448; x_wconf 90' lang='lat' dir='ltr'>mel</span> <span class='ocrx_word' id='word_1_26' title='bbox 382 405 567 447; x_wconf 88' lang='lat' dir='ltr'>coctum</span> <span class='ocrx_word' id='word_1_27' title='bbox 596 401 759 458; x_wconf 86' lang='lat' dir='ltr'>adicis,</span> <span class='ocrx_word' id='word_1_28' title='bbox 791 401 987 446; x_wconf 87' lang='lat' dir='ltr'>celerius</span> <span class='ocrx_word' id='word_1_29' title='bbox 1019 405 1169 448; x_wconf 88' lang='lat' dir='ltr'>sanat.</span> <span class='ocrx_word' id='word_1_30' title='bbox 1216 402 1332 447; x_wconf 88' lang='lat' dir='ltr'>item</span> <span class='ocrx_word' id='word_1_31' title='bbox 1355 402 1534 447; x_wconf 89' lang='lat' dir='ltr'>scrofae</span> <span class='ocrx_word' id='word_1_32' title='bbox 1566 402 1758 460; x_wconf 83' lang='lat' dir='ltr'>sanguis</span> 
     </span>
    </p>
   </div>
   <div class='ocr_carea' id='block_1_4' title="bbox 0 465 1758 526">
    <p class='ocr_par' dir='ltr' id='par_1_4' title="bbox 0 465 1758 526">
     <span class='ocr_line' id='line_1_6' title="bbox 0 465 1758 526; baseline -0.002 -11"><span class='ocrx_word' id='word_1_33' title='bbox 0 465 5 469; x_wconf 73' lang='grc'><strong>’</strong></span> <span class='ocrx_word' id='word_1_34' title='bbox 35 466 42 471; x_wconf 77' lang='grc'><em>“</em></span> <span class='ocrx_word' id='word_1_35' title='bbox 77 469 280 515; x_wconf 76' lang='lat' dir='ltr'>illinitus</span> <span class='ocrx_word' id='word_1_36' title='bbox 326 468 501 526; x_wconf 90' lang='lat' dir='ltr'>optime</span> <span class='ocrx_word' id='word_1_37' title='bbox 546 467 675 513; x_wconf 85' lang='lat' dir='ltr'>facit.</span> <span class='ocrx_word' id='word_1_38' title='bbox 731 467 942 512; x_wconf 86' lang='lat' dir='ltr'>dentium</span> <span class='ocrx_word' id='word_1_39' title='bbox 987 481 1211 524; x_wconf 92' lang='lat' dir='ltr'>equorum</span> <span class='ocrx_word' id='word_1_40' title='bbox 1256 467 1603 512; x_wconf 89' lang='lat' dir='ltr'>combustorum</span> <span class='ocrx_word' id='word_1_41' title='bbox 1642 467 1758 511; x_wconf 90' lang='lat' dir='ltr'>cinis</span> 
     </span>
    </p>
   </div>
   <div class='ocr_carea' id='block_1_5' title="bbox 80 533 1825 790">
    <p class='ocr_par' dir='ltr' id='par_1_5' title="bbox 80 533 1825 790">
     <span class='ocr_line' id='line_1_7' title="bbox 80 533 1825 593; baseline 0 -13"><span class='ocrx_word' id='word_1_42' title='bbox 80 549 295 593; x_wconf 86' lang='lat' dir='ltr'>aspersus</span> <span class='ocrx_word' id='word_1_43' title='bbox 332 535 535 592; x_wconf 87' lang='lat' dir='ltr'>prodest.</span> <span class='ocrx_word' id='word_1_44' title='bbox 584 548 797 591; x_wconf 87' lang='lat' dir='ltr'>spumam</span> <span class='ocrx_word' id='word_1_45' title='bbox 846 534 1031 591; x_wconf 87' lang='lat' dir='ltr'>argenti</span> <span class='ocrx_word' id='word_1_46' title='bbox 1071 536 1118 579; x_wconf 84' lang='lat' dir='ltr'>et</span> <span class='ocrx_word' id='word_1_47' title='bbox 1157 533 1294 579; x_wconf 88' lang='lat' dir='ltr'>aloen</span> <span class='ocrx_word' id='word_1_48' title='bbox 1332 549 1389 578; x_wconf 82' lang='lat' dir='ltr'>ex</span> <span class='ocrx_word' id='word_1_49' title='bbox 1435 548 1584 590; x_wconf 90' lang='lat' dir='ltr'>aequo</span> <span class='ocrx_word' id='word_1_50' title='bbox 1621 536 1758 590; x_wconf 50' lang='lat' dir='ltr'>terea</span> <span class='ocrx_word' id='word_1_51' title='bbox 1805 548 1825 580; x_wconf 85' lang='lat'>5</span> 
     </span>
     <span class='ocr_line' id='line_1_8' title="bbox 81 598 1758 656; baseline -0.002 -10"><span class='ocrx_word' id='word_1_52' title='bbox 81 603 130 646; x_wconf 86' lang='lat' dir='ltr'>et</span> <span class='ocrx_word' id='word_1_53' title='bbox 161 614 266 646; x_wconf 89' lang='lat' dir='ltr'>cum</span> <span class='ocrx_word' id='word_1_54' title='bbox 295 600 367 645; x_wconf 88' lang='lat' dir='ltr'>uti</span> <span class='ocrx_word' id='word_1_55' title='bbox 396 599 599 645; x_wconf 84' lang='lat' dir='ltr'>volueris</span> <span class='ocrx_word' id='word_1_56' title='bbox 629 599 758 656; x_wconf 90' lang='lat' dir='ltr'>prius</span> <span class='ocrx_word' id='word_1_57' title='bbox 800 600 856 644; x_wconf 90' lang='lat' dir='ltr'>de</span> <span class='ocrx_word' id='word_1_58' title='bbox 895 600 1004 644; x_wconf 84' lang='lat' dir='ltr'>vino</span> <span class='ocrx_word' id='word_1_59' title='bbox 1042 600 1189 644; x_wconf 86' lang='lat' dir='ltr'>mixto</span> <span class='ocrx_word' id='word_1_60' title='bbox 1229 614 1334 644; x_wconf 91' lang='lat' dir='ltr'>cum</span> <span class='ocrx_word' id='word_1_61' title='bbox 1373 599 1530 644; x_wconf 88' lang='lat' dir='ltr'>calida</span> <span class='ocrx_word' id='word_1_62' title='bbox 1560 598 1758 655; x_wconf 85' lang='lat' dir='ltr'>lavabis,</span> 
     </span>
     <span class='ocr_line' id='line_1_9' title="bbox 81 665 1759 724; baseline -0.001 -13"><span class='ocrx_word' id='word_1_63' title='bbox 81 669 194 711; x_wconf 86' lang='lat' dir='ltr'>tunc</span> <span class='ocrx_word' id='word_1_64' title='bbox 227 666 547 724; x_wconf 85' lang='lat' dir='ltr'>supradictum</span> <span class='ocrx_word' id='word_1_65' title='bbox 575 665 816 722; x_wconf 85' lang='lat' dir='ltr'>pulverem</span> <span class='ocrx_word' id='word_1_66' title='bbox 840 679 1072 724; x_wconf 83' lang='lat' dir='ltr'><strong>asperges.</strong></span> <span class='ocrx_word' id='word_1_67' title='bbox 1121 667 1440 724; x_wconf 87' lang='lat' dir='ltr'>argemoniam</span> <span class='ocrx_word' id='word_1_68' title='bbox 1462 667 1513 710; x_wconf 89' lang='lat' dir='ltr'>in</span> <span class='ocrx_word' id='word_1_69' title='bbox 1542 666 1653 710; x_wconf 84' lang='lat' dir='ltr'>vino</span> <span class='ocrx_word' id='word_1_70' title='bbox 1685 679 1759 709; x_wconf 89' lang='lat' dir='ltr'>co—</span> 
     </span>
     <span class='ocr_line' id='line_1_10' title="bbox 81 731 1759 790; baseline 0 -13"><span class='ocrx_word' id='word_1_71' title='bbox 81 747 186 789; x_wconf 84' lang='lat' dir='ltr'>que,</span> <span class='ocrx_word' id='word_1_72' title='bbox 211 735 260 777; x_wconf 88' lang='lat' dir='ltr'>et</span> <span class='ocrx_word' id='word_1_73' title='bbox 281 732 393 776; x_wconf 87' lang='lat' dir='ltr'>inde</span> <span class='ocrx_word' id='word_1_74' title='bbox 416 731 712 776; x_wconf 71' lang='lat' dir='ltr'>fomentabis</span> <span class='ocrx_word' id='word_1_75' title='bbox 745 734 910 788; x_wconf 91' lang='lat' dir='ltr'>postea</span> <span class='ocrx_word' id='word_1_76' title='bbox 932 732 1086 789; x_wconf 80' lang='lat' dir='ltr'>ipsam</span> <span class='ocrx_word' id='word_1_77' title='bbox 1107 733 1308 778; x_wconf 84' lang='lat' dir='ltr'>viridem</span> <span class='ocrx_word' id='word_1_78' title='bbox 1329 734 1493 778; x_wconf 90' lang='lat' dir='ltr'>tritam</span> <span class='ocrx_word' id='word_1_79' title='bbox 1515 732 1759 790; x_wconf 77' lang='lat' dir='ltr'>imponito,</span> 
     </span>
    </p>
   </div>
   <div class='ocr_carea' id='block_1_6' title="bbox 0 797 1826 919">
    <p class='ocr_par' dir='ltr' id='par_1_6' title="bbox 0 797 1826 919">
     <span class='ocr_line' id='line_1_11' title="bbox 0 797 1761 856; baseline 0 -14"><span class='ocrx_word' id='word_1_80' title='bbox 0 829 2 831; x_wconf 53' lang='lat'>&gt;</span> <span class='ocrx_word' id='word_1_81' title='bbox 78 798 156 843; x_wconf 84' lang='lat' dir='ltr'>vel</span> <span class='ocrx_word' id='word_1_82' title='bbox 194 797 293 842; x_wconf 89' lang='lat' dir='ltr'>eius</span> <span class='ocrx_word' id='word_1_83' title='bbox 326 797 478 841; x_wconf 84' lang='lat' dir='ltr'>siccae</span> <span class='ocrx_word' id='word_1_84' title='bbox 514 797 756 854; x_wconf 82' lang='lat' dir='ltr'>pulverem</span> <span class='ocrx_word' id='word_1_85' title='bbox 793 811 1002 854; x_wconf 83' lang='lat' dir='ltr'>asperge.</span> <span class='ocrx_word' id='word_1_86' title='bbox 1049 799 1201 855; x_wconf 80' lang='lat' dir='ltr'>thymi</span> <span class='ocrx_word' id='word_1_87' title='bbox 1233 800 1263 843; x_wconf 73' lang='grc' dir='ltr'>Ξ</span> <span class='ocrx_word' id='word_1_88' title='bbox 1279 800 1323 843; x_wconf 90' lang='grc' dir='ltr'>Π</span> <span class='ocrx_word' id='word_1_89' title='bbox 1353 799 1402 843; x_wconf 90' lang='lat' dir='ltr'>in</span> <span class='ocrx_word' id='word_1_90' title='bbox 1440 799 1539 844; x_wconf 85' lang='lat' dir='ltr'>vini</span> <span class='ocrx_word' id='word_1_91' title='bbox 1571 802 1708 856; x_wconf 81' lang='lat' dir='ltr'>cyato</span> <span class='ocrx_word' id='word_1_92' title='bbox 1740 799 1761 842; x_wconf 97' lang='lat' dir='ltr'>I</span> 
     </span>
     <span class='ocr_line' id='line_1_12' title="bbox 0 863 1826 919; baseline 0 -10"><span class='ocrx_word' id='word_1_93' title='bbox 0 883 2 910; x_wconf 89' lang='lat'><strong>:</strong></span> <span class='ocrx_word' id='word_1_94' title='bbox 82 863 267 909; x_wconf 89' lang='lat' dir='ltr'>ieiunus</span> <span class='ocrx_word' id='word_1_95' title='bbox 298 863 447 919; x_wconf 89' lang='lat' dir='ltr'>bibat,</span> <span class='ocrx_word' id='word_1_96' title='bbox 479 865 711 907; x_wconf 85' lang='lat' dir='ltr'>tumorem</span> <span class='ocrx_word' id='word_1_97' title='bbox 740 863 913 908; x_wconf 87' lang='lat' dir='ltr'>veretri</span> <span class='ocrx_word' id='word_1_98' title='bbox 945 867 1094 909; x_wconf 89' lang='lat' dir='ltr'>sanat.</span> <span class='ocrx_word' id='word_1_99' title='bbox 1786 879 1826 909; x_wconf 88' lang='lat'>10</span> 
     </span>
    </p>
   </div>
   <div class='ocr_carea' id='block_1_7' title="bbox 79 929 1760 1054">
    <p class='ocr_par' dir='ltr' id='par_1_7' title="bbox 79 929 1760 1054">
     <span class='ocr_line' id='line_1_13' title="bbox 198 929 1760 988; baseline 0.001 -14"><span class='ocrx_word' id='word_1_100' title='bbox 198 929 558 975; x_wconf 83' lang='lat' dir='ltr'>Submeiulos</span> <span class='ocrx_word' id='word_1_101' title='bbox 590 943 700 974; x_wconf 88' lang='lat' dir='ltr'>vero</span> <span class='ocrx_word' id='word_1_102' title='bbox 733 929 800 973; x_wconf 92' lang='lat' dir='ltr'>sic</span> <span class='ocrx_word' id='word_1_103' title='bbox 822 930 1118 975; x_wconf 89' lang='lat' dir='ltr'>remediabis.</span> <span class='ocrx_word' id='word_1_104' title='bbox 1166 930 1206 974; x_wconf 91' lang='lat' dir='ltr'>si</span> <span class='ocrx_word' id='word_1_105' title='bbox 1230 931 1280 974; x_wconf 90' lang='lat' dir='ltr'>in</span> <span class='ocrx_word' id='word_1_106' title='bbox 1303 931 1425 975; x_wconf 91' lang='lat' dir='ltr'>lecto</span> <span class='ocrx_word' id='word_1_107' title='bbox 1452 945 1534 975; x_wconf 90' lang='lat' dir='ltr'>suo</span> <span class='ocrx_word' id='word_1_108' title='bbox 1565 932 1616 974; x_wconf 87' lang='lat' dir='ltr'>in</span> <span class='ocrx_word' id='word_1_109' title='bbox 1647 946 1760 988; x_wconf 90' lang='lat' dir='ltr'>sago</span> 
     </span>
     <span class='ocr_line' id='line_1_14' title="bbox 79 995 1760 1054; baseline 0.001 -14"><span class='ocrx_word' id='word_1_110' title='bbox 79 996 156 1041; x_wconf 83' lang='lat' dir='ltr'>vel</span> <span class='ocrx_word' id='word_1_111' title='bbox 193 996 244 1040; x_wconf 85' lang='lat' dir='ltr'>in</span> <span class='ocrx_word' id='word_1_112' title='bbox 279 1010 453 1040; x_wconf 85' lang='lat' dir='ltr'>racana</span> <span class='ocrx_word' id='word_1_113' title='bbox 491 998 575 1039; x_wconf 89' lang='lat' dir='ltr'>aut</span> <span class='ocrx_word' id='word_1_114' title='bbox 612 995 774 1039; x_wconf 90' lang='lat' dir='ltr'>tunica</span> <span class='ocrx_word' id='word_1_115' title='bbox 813 1010 898 1039; x_wconf 90' lang='lat' dir='ltr'>sua</span> <span class='ocrx_word' id='word_1_116' title='bbox 939 995 1016 1040; x_wconf 77' lang='lat' dir='ltr'>vel</span> <span class='ocrx_word' id='word_1_117' title='bbox 1054 995 1268 1051; x_wconf 89' lang='lat' dir='ltr'>quolibet</span> <span class='ocrx_word' id='word_1_118' title='bbox 1306 1011 1463 1054; x_wconf 87' lang='lat' dir='ltr'>panno</span> <span class='ocrx_word' id='word_1_119' title='bbox 1501 997 1760 1054; x_wconf 78' lang='lat' dir='ltr'>meiaverit,</span> 
     </span>
    </p>
   </div>
   <div class='ocr_carea' id='block_1_8' title="bbox 0 1061 1827 1251">
    <p class='ocr_par' dir='ltr' id='par_1_8' title="bbox 0 1061 1827 1251">
     <span class='ocr_line' id='line_1_15' title="bbox 0 1061 1762 1119; baseline -0.002 -9"><span class='ocrx_word' id='word_1_120' title='bbox 0 1106 1 1110; x_wconf 74' lang='grc'>,</span> <span class='ocrx_word' id='word_1_121' title='bbox 80 1062 189 1106; x_wconf 85' lang='lat' dir='ltr'>lava</span> <span class='ocrx_word' id='word_1_122' title='bbox 229 1061 384 1119; x_wconf 89' lang='lat' dir='ltr'>ipsum</span> <span class='ocrx_word' id='word_1_123' title='bbox 429 1061 585 1106; x_wconf 90' lang='lat' dir='ltr'>locum</span> <span class='ocrx_word' id='word_1_124' title='bbox 630 1064 764 1106; x_wconf 91' lang='lat' dir='ltr'>aceto</span> <span class='ocrx_word' id='word_1_125' title='bbox 806 1063 853 1106; x_wconf 91' lang='lat' dir='ltr'>et</span> <span class='ocrx_word' id='word_1_126' title='bbox 889 1061 1121 1106; x_wconf 72' lang='lat' dir='ltr'>nescienti</span> <span class='ocrx_word' id='word_1_127' title='bbox 1158 1063 1293 1119; x_wconf 91' lang='lat' dir='ltr'>potui</span> <span class='ocrx_word' id='word_1_128' title='bbox 1333 1063 1490 1119; x_wconf 67' lang='lat' dir='ltr'>dabie,</span> <span class='ocrx_word' id='word_1_129' title='bbox 1537 1063 1653 1107; x_wconf 88' lang='lat' dir='ltr'>mire</span> <span class='ocrx_word' id='word_1_130' title='bbox 1692 1077 1762 1107; x_wconf 85' lang='lat' dir='ltr'>re-</span> 
     </span>
     <span class='ocr_line' id='line_1_16' title="bbox 0 1127 1761 1186; baseline 0.001 -14"><span class='ocrx_word' id='word_1_131' title='bbox 0 1128 2 1132; x_wconf 80' lang='grc'>’</span> <span class='ocrx_word' id='word_1_132' title='bbox 80 1127 312 1173; x_wconf 88' lang='lat' dir='ltr'>mediasti.</span> <span class='ocrx_word' id='word_1_133' title='bbox 359 1130 494 1172; x_wconf 87' lang='lat' dir='ltr'>rutae</span> <span class='ocrx_word' id='word_1_134' title='bbox 533 1127 732 1185; x_wconf 88' lang='lat' dir='ltr'>agrestis</span> <span class='ocrx_word' id='word_1_135' title='bbox 781 1141 938 1172; x_wconf 88' lang='lat' dir='ltr'>semen</span> <span class='ocrx_word' id='word_1_136' title='bbox 985 1130 1193 1185; x_wconf 86' lang='lat' dir='ltr'>contere,</span> <span class='ocrx_word' id='word_1_137' title='bbox 1243 1131 1291 1173; x_wconf 92' lang='lat' dir='ltr'>et</span> <span class='ocrx_word' id='word_1_138' title='bbox 1337 1143 1393 1174; x_wconf 83' lang='lat' dir='ltr'>ex</span> <span class='ocrx_word' id='word_1_139' title='bbox 1436 1144 1559 1186; x_wconf 88' lang='lat' dir='ltr'>aqua</span> <span class='ocrx_word' id='word_1_140' title='bbox 1606 1130 1761 1174; x_wconf 88' lang='lat' dir='ltr'>calida</span> 
     </span>
     <span class='ocr_line' id='line_1_17' title="bbox 0 1193 1827 1251; baseline 0 -13"><span class='ocrx_word' id='word_1_141' title='bbox 0 1227 6 1238; x_wconf 28' lang='grc' dir='ltr'>ψ,</span> <span class='ocrx_word' id='word_1_142' title='bbox 81 1194 236 1239; x_wconf 89' lang='lat' dir='ltr'>ieiuno</span> <span class='ocrx_word' id='word_1_143' title='bbox 267 1193 402 1250; x_wconf 91' lang='lat' dir='ltr'>potui</span> <span class='ocrx_word' id='word_1_144' title='bbox 434 1194 560 1251; x_wconf 89' lang='lat' dir='ltr'>dato,</span> <span class='ocrx_word' id='word_1_145' title='bbox 592 1193 876 1238; x_wconf 90' lang='lat' dir='ltr'>remediasti.</span> <span class='ocrx_word' id='word_1_146' title='bbox 924 1193 1096 1250; x_wconf 85' lang='lat' dir='ltr'>leporis</span> <span class='ocrx_word' id='word_1_147' title='bbox 1129 1195 1336 1239; x_wconf 69' lang='lat' dir='ltr'>vesicam</span> <span class='ocrx_word' id='word_1_148' title='bbox 1358 1195 1409 1239; x_wconf 91' lang='lat' dir='ltr'>in</span> <span class='ocrx_word' id='word_1_149' title='bbox 1431 1195 1540 1240; x_wconf 86' lang='lat' dir='ltr'>vino</span> <span class='ocrx_word' id='word_1_150' title='bbox 1574 1198 1760 1240; x_wconf 90' lang='lat' dir='ltr'>austero</span> <span class='ocrx_word' id='word_1_151' title='bbox 1787 1207 1827 1238; x_wconf 83' lang='lat'>15</span> 
     </span>
    </p>
   </div>
   <div class='ocr_carea' id='block_1_9' title="bbox 84 1260 1763 1318">
    <p class='ocr_par' dir='ltr' id='par_1_9' title="bbox 0 1247 1763 1323">
     <span class='ocr_line' id='line_1_18' title="bbox 84 1260 1763 1318; baseline 0.001 -13.905"><span class='ocrx_word' id='word_1_152' title='bbox 84 1261 312 1316; x_wconf 87' lang='lat' dir='ltr'>decoque,</span> <span class='ocrx_word' id='word_1_153' title='bbox 354 1262 401 1304; x_wconf 93' lang='lat' dir='ltr'>et</span> <span class='ocrx_word' id='word_1_154' title='bbox 430 1260 565 1317; x_wconf 91' lang='lat' dir='ltr'>potui</span> <span class='ocrx_word' id='word_1_155' title='bbox 598 1261 733 1315; x_wconf 87' lang='lat' dir='ltr'>dato,</span> <span class='ocrx_word' id='word_1_156' title='bbox 774 1260 1058 1306; x_wconf 87' lang='lat' dir='ltr'>remediasti.</span> <span class='ocrx_word' id='word_1_157' title='bbox 1103 1261 1276 1318; x_wconf 87' lang='lat' dir='ltr'>leporis</span> <span class='ocrx_word' id='word_1_158' title='bbox 1309 1263 1548 1307; x_wconf 88' lang='lat' dir='ltr'>cerebram</span> <span class='ocrx_word' id='word_1_159' title='bbox 1580 1265 1763 1306; x_wconf 87' lang='lat' dir='ltr'>coctum</span> 
     </span>
    </p>
   </div>
   <div class='ocr_carea' id='block_1_10' title="bbox 4 1325 1764 1385">
    <p class='ocr_par' dir='ltr' id='par_1_10' title="bbox 4 1325 1764 1385">
     <span class='ocr_line' id='line_1_19' title="bbox 4 1325 1764 1385; baseline 0.001 -15"><span class='ocrx_word' id='word_1_160' title='bbox 4 1336 34 1375; x_wconf 75' lang='lat' dir='ltr'>J..</span> <span class='ocrx_word' id='word_1_161' title='bbox 80 1327 131 1374; x_wconf 74' lang='lat' dir='ltr'>vet</span> <span class='ocrx_word' id='word_1_162' title='bbox 159 1325 324 1370; x_wconf 88' lang='lat' dir='ltr'>tritum</span> <span class='ocrx_word' id='word_1_163' title='bbox 354 1325 404 1369; x_wconf 90' lang='lat' dir='ltr'>in</span> <span class='ocrx_word' id='word_1_164' title='bbox 433 1325 543 1370; x_wconf 86' lang='lat' dir='ltr'>vino</span> <span class='ocrx_word' id='word_1_165' title='bbox 575 1326 710 1382; x_wconf 90' lang='lat' dir='ltr'>potui</span> <span class='ocrx_word' id='word_1_166' title='bbox 743 1325 899 1383; x_wconf 87' lang='lat' dir='ltr'>dabis,</span> <span class='ocrx_word' id='word_1_167' title='bbox 938 1327 1189 1383; x_wconf 87' lang='lat' dir='ltr'>probatum</span> <span class='ocrx_word' id='word_1_168' title='bbox 1220 1330 1303 1373; x_wconf 90' lang='lat' dir='ltr'>est.</span> <span class='ocrx_word' id='word_1_169' title='bbox 1355 1328 1526 1385; x_wconf 89' lang='lat' dir='ltr'>leporis</span> <span class='ocrx_word' id='word_1_170' title='bbox 1557 1328 1764 1372; x_wconf 86' lang='lat' dir='ltr'>vesicam</span> 
     </span>
    </p>
   </div>
   <div class='ocr_carea' id='block_1_11' title="bbox 0 1391 1763 1450">
    <p class='ocr_par' dir='ltr' id='par_1_11' title="bbox 0 1382 1763 1458">
     <span class='ocr_line' id='line_1_20' title="bbox 0 1391 1763 1450; baseline 0.001 -14"><span class='ocrx_word' id='word_1_171' title='bbox 0 1398 10 1445; x_wconf 69' lang='grc' dir='ltr'><strong><em>ζ</em></strong></span> <span class='ocrx_word' id='word_1_172' title='bbox 83 1401 238 1437; x_wconf 86' lang='lat' dir='ltr'>assam</span> <span class='ocrx_word' id='word_1_173' title='bbox 268 1391 495 1436; x_wconf 88' lang='lat' dir='ltr'>nescienti</span> <span class='ocrx_word' id='word_1_174' title='bbox 529 1391 663 1436; x_wconf 87' lang='lat' dir='ltr'>dabis</span> <span class='ocrx_word' id='word_1_175' title='bbox 697 1392 939 1448; x_wconf 83' lang='lat' dir='ltr'>edendam,</span> <span class='ocrx_word' id='word_1_176' title='bbox 972 1392 1187 1437; x_wconf 90' lang='lat' dir='ltr'>liberasti</span> <span class='ocrx_word' id='word_1_177' title='bbox 1219 1407 1336 1438; x_wconf 90' lang='lat' dir='ltr'>eum.</span> <span class='ocrx_word' id='word_1_178' title='bbox 1384 1394 1526 1450; x_wconf 90' lang='lat' dir='ltr'>piscis</span> <span class='ocrx_word' id='word_1_179' title='bbox 1557 1394 1763 1437; x_wconf 84' lang='lat' dir='ltr'>vesicam</span> 
     </span>
    </p>
   </div>
   <div class='ocr_carea' id='block_1_12' title="bbox 81 1458 1763 1516">
    <p class='ocr_par' dir='ltr' id='par_1_12' title="bbox 0 1458 1763 1525">
     <span class='ocr_line' id='line_1_21' title="bbox 81 1458 1763 1516; baseline 0 -14"><span class='ocrx_word' id='word_1_180' title='bbox 81 1458 262 1503; x_wconf 87' lang='lat' dir='ltr'>ieiunus</span> <span class='ocrx_word' id='word_1_181' title='bbox 300 1458 499 1516; x_wconf 89' lang='lat' dir='ltr'>glutiat,</span> <span class='ocrx_word' id='word_1_182' title='bbox 539 1458 628 1502; x_wconf 88' lang='lat' dir='ltr'>hoc</span> <span class='ocrx_word' id='word_1_183' title='bbox 661 1460 709 1502; x_wconf 93' lang='lat' dir='ltr'>et</span> <span class='ocrx_word' id='word_1_184' title='bbox 748 1459 957 1515; x_wconf 90' lang='lat' dir='ltr'>splenem</span> <span class='ocrx_word' id='word_1_185' title='bbox 995 1461 1139 1504; x_wconf 89' lang='lat' dir='ltr'>curat.</span> <span class='ocrx_word' id='word_1_186' title='bbox 1188 1460 1333 1503; x_wconf 84' lang='lat' dir='ltr'>verris</span> <span class='ocrx_word' id='word_1_187' title='bbox 1364 1459 1570 1503; x_wconf 88' lang='lat' dir='ltr'>vesicam</span> <span class='ocrx_word' id='word_1_188' title='bbox 1609 1474 1763 1503; x_wconf 88' lang='lat' dir='ltr'>assam</span> 
     </span>
    </p>
   </div>
   <div class='ocr_carea' id='block_1_13' title="bbox 81 1523 1828 1581">
    <p class='ocr_par' dir='ltr' id='par_1_13' title="bbox 81 1523 1828 1581">
     <span class='ocr_line' id='line_1_22' title="bbox 81 1523 1828 1581; baseline 0 -13"><span class='ocrx_word' id='word_1_189' title='bbox 81 1523 309 1568; x_wconf 74' lang='lat' dir='ltr'>nescienti</span> <span class='ocrx_word' id='word_1_190' title='bbox 341 1525 452 1568; x_wconf 89' lang='lat' dir='ltr'>dare</span> <span class='ocrx_word' id='word_1_191' title='bbox 485 1524 715 1569; x_wconf 86' lang='lat' dir='ltr'>convenit.</span> <span class='ocrx_word' id='word_1_192' title='bbox 763 1524 878 1567; x_wconf 87' lang='lat' dir='ltr'>item</span> <span class='ocrx_word' id='word_1_193' title='bbox 909 1524 1045 1568; x_wconf 89' lang='lat' dir='ltr'>filicis</span> <span class='ocrx_word' id='word_1_194' title='bbox 1070 1525 1241 1569; x_wconf 89' lang='lat' dir='ltr'>libram</span> <span class='ocrx_word' id='word_1_195' title='bbox 1265 1526 1297 1570; x_wconf 89' lang='lat' dir='ltr'><strong><em>I.</em></strong></span> <span class='ocrx_word' id='word_1_196' title='bbox 1348 1526 1579 1581; x_wconf 86' lang='lat' dir='ltr'>decoquas</span> <span class='ocrx_word' id='word_1_197' title='bbox 1603 1525 1653 1568; x_wconf 88' lang='lat' dir='ltr'>in</span> <span class='ocrx_word' id='word_1_198' title='bbox 1677 1525 1763 1568; x_wconf 85' lang='lat' dir='ltr'>IIII</span> <span class='ocrx_word' id='word_1_199' title='bbox 1787 1538 1828 1568; x_wconf 83' lang='lat'>20</span> 
     </span>
    </p>
   </div>
   <div class='ocr_carea' id='block_1_14' title="bbox 0 1589 1760 1712">
    <p class='ocr_par' dir='ltr' id='par_1_14' title="bbox 0 1589 1760 1712">
     <span class='ocr_line' id='line_1_23' title="bbox 0 1589 1760 1647; baseline -0.002 -9"><span class='ocrx_word' id='word_1_200' title='bbox 0 1600 12 1638; x_wconf 63' lang='grc' dir='ltr'><strong>ζ</strong></span> <span class='ocrx_word' id='word_1_201' title='bbox 82 1589 181 1635; x_wconf 72' lang='lat' dir='ltr'>vini</span> <span class='ocrx_word' id='word_1_202' title='bbox 213 1591 289 1647; x_wconf 66' lang='lat'>95,</span> <span class='ocrx_word' id='word_1_203' title='bbox 335 1590 479 1634; x_wconf 87' lang='lat' dir='ltr'>facies</span> <span class='ocrx_word' id='word_1_204' title='bbox 526 1591 635 1634; x_wconf 90' lang='lat' dir='ltr'>inde</span> <span class='ocrx_word' id='word_1_205' title='bbox 681 1590 895 1646; x_wconf 87' lang='lat' dir='ltr'>potiones</span> <span class='ocrx_word' id='word_1_206' title='bbox 928 1591 1077 1646; x_wconf 86' lang='lat' dir='ltr'>VIIII,</span> <span class='ocrx_word' id='word_1_207' title='bbox 1118 1594 1165 1636; x_wconf 86' lang='lat' dir='ltr'>et</span> <span class='ocrx_word' id='word_1_208' title='bbox 1208 1591 1365 1634; x_wconf 88' lang='lat' dir='ltr'>ieiuno</span> <span class='ocrx_word' id='word_1_209' title='bbox 1408 1591 1570 1635; x_wconf 84' lang='lat' dir='ltr'>bibere</span> <span class='ocrx_word' id='word_1_210' title='bbox 1612 1590 1760 1634; x_wconf 86' lang='lat' dir='ltr'>dabis.</span> 
     </span>
     <span class='ocr_line' id='line_1_24' title="bbox 0 1655 1125 1712; baseline 0.001 -13"><span class='ocrx_word' id='word_1_211' title='bbox 0 1685 10 1690; x_wconf 58' lang='lat'><em>„</em></span> <span class='ocrx_word' id='word_1_212' title='bbox 83 1655 279 1701; x_wconf 88' lang='lat' dir='ltr'>simulac</span> <span class='ocrx_word' id='word_1_213' title='bbox 311 1670 367 1701; x_wconf 87' lang='lat' dir='ltr'>ex</span> <span class='ocrx_word' id='word_1_214' title='bbox 399 1670 453 1700; x_wconf 93' lang='lat' dir='ltr'>eo</span> <span class='ocrx_word' id='word_1_215' title='bbox 485 1656 673 1712; x_wconf 84' lang='lat' dir='ltr'>biberit⁷</span> <span class='ocrx_word' id='word_1_216' title='bbox 707 1656 879 1700; x_wconf 89' lang='lat' dir='ltr'>sterilis</span> <span class='ocrx_word' id='word_1_217' title='bbox 912 1656 1125 1701; x_wconf 86' lang='lat' dir='ltr'>efficitur.</span> 
     </span>
    </p>
   </div>
   <div class='ocr_carea' id='block_1_15' title="bbox 83 1744 1939 1933">
    <p class='ocr_par' dir='ltr' id='par_1_15' title="bbox 83 1744 1939 1933">
     <span class='ocr_line' id='line_1_25' title="bbox 434 1744 1406 1800; baseline 0.001 -12"><span class='ocrx_word' id='word_1_218' title='bbox 434 1745 513 1788; x_wconf 65' lang='lat' dir='ltr'>Aa</span> <span class='ocrx_word' id='word_1_219' title='bbox 535 1746 576 1798; x_wconf 82' lang='lat' dir='ltr'>I,</span> <span class='ocrx_word' id='word_1_220' title='bbox 600 1747 663 1788; x_wconf 77' lang='lat'>28</span> <span class='ocrx_word' id='word_1_221' title='bbox 691 1747 796 1800; x_wconf 84' lang='lat'>(79)</span> <span class='ocrx_word' id='word_1_222' title='bbox 823 1744 887 1788; x_wconf 91' lang='lat' dir='ltr'>de</span> <span class='ocrx_word' id='word_1_223' title='bbox 918 1744 1204 1788; x_wconf 91' lang='lat' dir='ltr'>herniosis</span> <span class='ocrx_word' id='word_1_224' title='bbox 1239 1748 1406 1800; x_wconf 66' lang='lat' dir='ltr'>(extr).</span> 
     </span>
     <span class='ocr_line' id='line_1_26' title="bbox 199 1810 1939 1867; baseline -0.002 -12"><span class='ocrx_word' id='word_1_225' title='bbox 199 1810 406 1867; x_wconf 74' lang='lat' dir='ltr'>CicutaS,</span> <span class='ocrx_word' id='word_1_226' title='bbox 447 1813 495 1855; x_wconf 89' lang='lat' dir='ltr'>et</span> <span class='ocrx_word' id='word_1_227' title='bbox 532 1811 674 1854; x_wconf 87' lang='lat' dir='ltr'>bacas</span> <span class='ocrx_word' id='word_1_228' title='bbox 716 1811 772 1854; x_wconf 91' lang='lat' dir='ltr'>de</span> <span class='ocrx_word' id='word_1_229' title='bbox 812 1823 1028 1866; x_wconf 87' lang='lat' dir='ltr'>cupresso</span> <span class='ocrx_word' id='word_1_230' title='bbox 1068 1810 1241 1854; x_wconf 89' lang='lat' dir='ltr'>virides</span> <span class='ocrx_word' id='word_1_231' title='bbox 1291 1810 1445 1867; x_wconf 88' lang='lat' dir='ltr'>inpari</span> <span class='ocrx_word' id='word_1_232' title='bbox 1482 1824 1673 1854; x_wconf 85' lang='lat' dir='ltr'>numero</span> <span class='ocrx_word' id='word_1_233' title='bbox 1736 1810 1939 1867; x_wconf 85' lang='lat' dir='ltr'><strong>(XXVII)</strong></span> 
     </span>
     <span class='ocr_line' id='line_1_27' title="bbox 83 1876 1830 1933; baseline 0.001 -13"><span class='ocrx_word' id='word_1_234' title='bbox 83 1876 194 1921; x_wconf 89' lang='lat' dir='ltr'>luna</span> <span class='ocrx_word' id='word_1_235' title='bbox 226 1878 543 1933; x_wconf 84' lang='lat' dir='ltr'>decrescente,</span> <span class='ocrx_word' id='word_1_236' title='bbox 583 1879 631 1921; x_wconf 91' lang='lat' dir='ltr'>et</span> <span class='ocrx_word' id='word_1_237' title='bbox 670 1891 811 1921; x_wconf 83' lang='lat' dir='ltr'>uvam</span> <span class='ocrx_word' id='word_1_238' title='bbox 850 1891 1038 1932; x_wconf 87' lang='lat' dir='ltr'>passam</span> <span class='ocrx_word' id='word_1_239' title='bbox 1070 1876 1167 1919; x_wconf 89' lang='lat' dir='ltr'>sine</span> <span class='ocrx_word' id='word_1_240' title='bbox 1199 1877 1408 1933; x_wconf 84' lang='lat' dir='ltr'>granulis</span> <span class='ocrx_word' id='word_1_241' title='bbox 1441 1879 1629 1920; x_wconf 87' lang='lat' dir='ltr'>tunsam</span> <span class='ocrx_word' id='word_1_242' title='bbox 1660 1891 1765 1920; x_wconf 90' lang='lat' dir='ltr'>cum</span> <span class='ocrx_word' id='word_1_243' title='bbox 1788 1890 1830 1921; x_wconf 77' lang='lat'>25</span> 
     </span>
    </p>
   </div>
   <div class='ocr_carea' id='block_1_16' title="bbox 0 1942 1765 2132">
    <p class='ocr_par' dir='ltr' id='par_1_16' title="bbox 0 1942 1765 2132">
     <span class='ocr_line' id='line_1_28' title="bbox 0 1942 1764 2000; baseline -0.001 -13"><span class='ocrx_word' id='word_1_244' title='bbox 0 1942 3 1946; x_wconf 67' lang='grc'><strong><em>’</em></strong></span> <span class='ocrx_word' id='word_1_245' title='bbox 84 1943 287 2000; x_wconf 82' lang='lat' dir='ltr'>axungia</span> <span class='ocrx_word' id='word_1_246' title='bbox 312 1943 412 1988; x_wconf 90' lang='lat' dir='ltr'>sine</span> <span class='ocrx_word' id='word_1_247' title='bbox 430 1944 541 2000; x_wconf 90' lang='lat' dir='ltr'>sale,</span> <span class='ocrx_word' id='word_1_248' title='bbox 560 1946 607 1987; x_wconf 92' lang='lat' dir='ltr'>et</span> <span class='ocrx_word' id='word_1_249' title='bbox 627 1942 899 1999; x_wconf 88' lang='lat' dir='ltr'>impositum</span> <span class='ocrx_word' id='word_1_250' title='bbox 918 1943 1137 1986; x_wconf 86' lang='lat' dir='ltr'>ramicem</span> <span class='ocrx_word' id='word_1_251' title='bbox 1155 1945 1202 1986; x_wconf 90' lang='lat' dir='ltr'>et</span> <span class='ocrx_word' id='word_1_252' title='bbox 1217 1945 1421 1987; x_wconf 89' lang='lat' dir='ltr'>tumores</span> <span class='ocrx_word' id='word_1_253' title='bbox 1441 1943 1764 1987; x_wconf 89' lang='lat' dir='ltr'>testiculorum</span> 
     </span>
     <span class='ocr_line' id='line_1_29' title="bbox 0 2008 1765 2073; baseline -0.001 -20"><span class='ocrx_word' id='word_1_254' title='bbox 0 2022 7 2073; x_wconf 50' lang='grc' dir='ltr'>ζ</span> <span class='ocrx_word' id='word_1_255' title='bbox 85 2010 299 2067; x_wconf 77' lang='lat' dir='ltr'>(sedat).</span> <span class='ocrx_word' id='word_1_256' title='bbox 345 2010 553 2067; x_wconf 89' lang='lat' dir='ltr'>cupressi</span> <span class='ocrx_word' id='word_1_257' title='bbox 584 2009 758 2054; x_wconf 81' lang='lat' dir='ltr'>virides</span> <span class='ocrx_word' id='word_1_258' title='bbox 789 2008 912 2065; x_wconf 82' lang='lat' dir='ltr'>pilas</span> <span class='ocrx_word' id='word_1_259' title='bbox 943 2022 1133 2052; x_wconf 86' lang='lat' dir='ltr'>numero</span> <span class='ocrx_word' id='word_1_260' title='bbox 1158 2009 1235 2052; x_wconf 89' lang='lat' dir='ltr'>XL</span> <span class='ocrx_word' id='word_1_261' title='bbox 1268 2023 1438 2064; x_wconf 85' lang='lat' dir='ltr'>coques</span> <span class='ocrx_word' id='word_1_262' title='bbox 1469 2008 1520 2052; x_wconf 90' lang='lat' dir='ltr'>in</span> <span class='ocrx_word' id='word_1_263' title='bbox 1549 2009 1648 2053; x_wconf 86' lang='lat' dir='ltr'>vini</span> <span class='ocrx_word' id='word_1_264' title='bbox 1679 2010 1765 2052; x_wconf 83' lang='lat' dir='ltr'>IIII</span> 
     </span>
     <span class='ocr_line' id='line_1_30' title="bbox 0 2072 1763 2132; baseline -0.002 -12"><span class='ocrx_word' id='word_1_265' title='bbox 0 2072 9 2129; x_wconf 54' lang='grc' dir='ltr'><strong>ᾗ</strong></span> <span class='ocrx_word' id='word_1_266' title='bbox 94 2077 141 2119; x_wconf 67' lang='grc'>58</span> <span class='ocrx_word' id='word_1_267' title='bbox 178 2078 278 2120; x_wconf 90' lang='lat' dir='ltr'>tam</span> <span class='ocrx_word' id='word_1_268' title='bbox 324 2076 405 2120; x_wconf 90' lang='lat' dir='ltr'>diu</span> <span class='ocrx_word' id='word_1_269' title='bbox 452 2084 692 2132; x_wconf 87' lang='lat' dir='ltr'>quousque</span> <span class='ocrx_word' id='word_1_270' title='bbox 739 2074 909 2131; x_wconf 87' lang='lat' dir='ltr'>siccet,</span> <span class='ocrx_word' id='word_1_271' title='bbox 958 2076 1006 2118; x_wconf 92' lang='lat' dir='ltr'>et</span> <span class='ocrx_word' id='word_1_272' title='bbox 1046 2074 1111 2118; x_wconf 89' lang='lat' dir='ltr'>sic</span> <span class='ocrx_word' id='word_1_273' title='bbox 1165 2075 1335 2119; x_wconf 89' lang='lat' dir='ltr'>tundes</span> <span class='ocrx_word' id='word_1_274' title='bbox 1387 2077 1434 2119; x_wconf 91' lang='lat' dir='ltr'>et</span> <span class='ocrx_word' id='word_1_275' title='bbox 1480 2075 1763 2119; x_wconf 86' lang='lat' dir='ltr'>immiscebis</span> 
     </span>
    </p>
   </div>
   <div class='ocr_carea' id='block_1_17' title="bbox 83 2145 1772 2212">
    <p class='ocr_par' dir='ltr' id='par_1_17' title="bbox 0 2140 1772 2212">
     <span class='ocr_line' id='line_1_31' title="bbox 83 2145 1772 2212; baseline -0.002 -11.187"><span class='ocrx_word' id='word_1_276' title='bbox 83 2159 247 2212; x_wconf 89' lang='lat' dir='ltr'>postea</span> <span class='ocrx_word' id='word_1_277' title='bbox 286 2158 420 2201; x_wconf 90' lang='lat' dir='ltr'>betas</span> <span class='ocrx_word' id='word_1_278' title='bbox 461 2159 509 2201; x_wconf 92' lang='lat' dir='ltr'>et</span> <span class='ocrx_word' id='word_1_279' title='bbox 547 2156 801 2212; x_wconf 85' lang='lat' dir='ltr'>axungiam</span> <span class='ocrx_word' id='word_1_280' title='bbox 839 2157 1044 2199; x_wconf 86' lang='lat' dir='ltr'>veterem</span> <span class='ocrx_word' id='word_1_281' title='bbox 1083 2145 1151 2198; x_wconf 75' lang='grc'>1110</span> <span class='ocrx_word' id='word_1_282' title='bbox 1175 2155 1239 2211; x_wconf 89' lang='lat' dir='ltr'>II,</span> <span class='ocrx_word' id='word_1_283' title='bbox 1285 2155 1626 2211; x_wconf 87' lang='lat' dir='ltr'>mandragorae</span> <span class='ocrx_word' id='word_1_284' title='bbox 1666 2152 1772 2199; x_wconf 82' lang='lat' dir='ltr'>suci</span> 
     </span>
    </p>
   </div>
   <div class='ocr_carea' id='block_1_18' title="bbox 0 2408 63 3184">
    <p class='ocr_par' dir='ltr' id='par_1_18' title="bbox 0 2408 63 3184">
     <span class='ocr_line' id='line_1_32' title="bbox 0 2408 63 3184; baseline 0 0"><span class='ocrx_word' id='word_1_285' title='bbox 0 2408 63 3184; x_wconf 95' lang='lat' dir='ltr'> </span> 
     </span>
    </p>
   </div>
   <div class='ocr_carea' id='block_1_19' title="bbox 85 2227 1830 2295">
    <p class='ocr_par' dir='ltr' id='par_1_19' title="bbox 0 2227 1830 2305">
     <span class='ocr_line' id='line_1_33' title="bbox 85 2227 1830 2295; baseline -0.001 -16.046"><span class='ocrx_word' id='word_1_286' title='bbox 85 2227 152 2281; x_wconf 71' lang='lat' dir='ltr'>liB</span> <span class='ocrx_word' id='word_1_287' title='bbox 175 2238 231 2294; x_wconf 89' lang='grc' dir='ltr'>Π,</span> <span class='ocrx_word' id='word_1_288' title='bbox 263 2237 459 2295; x_wconf 86' lang='lat' dir='ltr'>galbani</span> <span class='ocrx_word' id='word_1_289' title='bbox 482 2237 550 2281; x_wconf 87' lang='lat' dir='ltr'>lib</span> <span class='ocrx_word' id='word_1_290' title='bbox 574 2237 607 2281; x_wconf 93' lang='lat' dir='ltr'><strong><em>I.</em></strong></span> <span class='ocrx_word' id='word_1_291' title='bbox 655 2236 805 2293; x_wconf 89' lang='lat' dir='ltr'>primo</span> <span class='ocrx_word' id='word_1_292' title='bbox 831 2235 1085 2292; x_wconf 85' lang='lat' dir='ltr'>axungiam</span> <span class='ocrx_word' id='word_1_293' title='bbox 1114 2238 1251 2291; x_wconf 76' lang='lat' dir='ltr'>tereS,</span> <span class='ocrx_word' id='word_1_294' title='bbox 1284 2238 1332 2282; x_wconf 88' lang='lat' dir='ltr'>et</span> <span class='ocrx_word' id='word_1_295' title='bbox 1364 2235 1430 2279; x_wconf 88' lang='lat' dir='ltr'>sic</span> <span class='ocrx_word' id='word_1_296' title='bbox 1462 2235 1619 2280; x_wconf 89' lang='lat' dir='ltr'>omnia</span> <span class='ocrx_word' id='word_1_297' title='bbox 1643 2249 1765 2279; x_wconf 84' lang='lat' dir='ltr'>com-</span> <span class='ocrx_word' id='word_1_298' title='bbox 1789 2249 1830 2279; x_wconf 87' lang='lat'>30</span> 
     </span>
    </p>
   </div>
   <div class='ocr_carea' id='block_1_20' title="bbox 205 2343 1763 2435">
    <p class='ocr_par' dir='ltr' id='par_1_20' title="bbox 205 2343 1763 2435">
     <span class='ocr_line' id='line_1_34' title="bbox 205 2343 1763 2435; baseline -0.001 -15"><span class='ocrx_word' id='word_1_299' title='bbox 205 2381 227 2420; x_wconf 92' lang='lat'>1</span> <span class='ocrx_word' id='word_1_300' title='bbox 260 2377 457 2422; x_wconf 91' lang='lat' dir='ltr'>herbum</span> <span class='ocrx_word' id='word_1_301' title='bbox 489 2380 526 2423; x_wconf 89' lang='lat' dir='ltr'>b.</span> <span class='ocrx_word' id='word_1_302' title='bbox 619 2383 644 2420; x_wconf 82' lang='lat'><strong>2</strong></span> <span class='ocrx_word' id='word_1_303' title='bbox 676 2347 756 2435; x_wconf 59' lang='lat' dir='ltr'>teli)</span> <span class='ocrx_word' id='word_1_304' title='bbox 787 2379 881 2434; x_wconf 66' lang='lat' dir='ltr'>poi</span> <span class='ocrx_word' id='word_1_305' title='bbox 913 2347 951 2420; x_wconf 90' lang='lat' dir='ltr'><strong><em>b.</em></strong></span> <span class='ocrx_word' id='word_1_306' title='bbox 1050 2381 1076 2419; x_wconf 89' lang='lat'><strong>3</strong></span> <span class='ocrx_word' id='word_1_307' title='bbox 1110 2343 1146 2429; x_wconf 59' lang='grc' dir='ltr'><strong>ᾧ</strong></span> <span class='ocrx_word' id='word_1_308' title='bbox 1181 2375 1324 2419; x_wconf 88' lang='lat' dir='ltr'>semel</span> <span class='ocrx_word' id='word_1_309' title='bbox 1357 2377 1394 2420; x_wconf 93' lang='lat' dir='ltr'><strong><em>b.</em></strong></span> <span class='ocrx_word' id='word_1_310' title='bbox 1518 2374 1698 2418; x_wconf 89' lang='lat' dir='ltr'>addicis</span> <span class='ocrx_word' id='word_1_311' title='bbox 1725 2376 1763 2419; x_wconf 92' lang='lat' dir='ltr'><strong><em>b.</em></strong></span> 
     </span>
    </p>
   </div>
   <div class='ocr_carea' id='block_1_21' title="bbox 11 2445 1766 2522">
    <p class='ocr_par' dir='ltr' id='par_1_21' title="bbox 11 2445 1766 2522">
     <span class='ocr_line' id='line_1_35' title="bbox 11 2445 1766 2522; baseline -0.002 -14"><span class='ocrx_word' id='word_1_312' title='bbox 11 2449 24 2506; x_wconf 52' lang='grc' dir='ltr'><strong><em>ἶ</em></strong></span> <span class='ocrx_word' id='word_1_313' title='bbox 89 2462 148 2522; x_wconf 70' lang='lat'>18</span> <span class='ocrx_word' id='word_1_314' title='bbox 179 2445 280 2509; x_wconf 63' lang='lat' dir='ltr'>abfe</span> <span class='ocrx_word' id='word_1_315' title='bbox 313 2467 352 2510; x_wconf 89' lang='lat' dir='ltr'>b.</span> <span class='ocrx_word' id='word_1_316' title='bbox 504 2471 529 2509; x_wconf 87' lang='lat'>5</span> <span class='ocrx_word' id='word_1_317' title='bbox 563 2466 690 2510; x_wconf 87' lang='lat' dir='ltr'>aloes</span> <span class='ocrx_word' id='word_1_318' title='bbox 723 2480 814 2510; x_wconf 89' lang='lat' dir='ltr'>ana</span> <span class='ocrx_word' id='word_1_319' title='bbox 844 2469 908 2510; x_wconf 80' lang='lat' dir='ltr'>tis</span> <span class='ocrx_word' id='word_1_320' title='bbox 941 2467 966 2510; x_wconf 87' lang='lat' dir='ltr'><strong><em>b</em></strong></span> <span class='ocrx_word' id='word_1_321' title='bbox 1150 2468 1174 2507; x_wconf 83' lang='lat'><strong>7</strong></span> <span class='ocrx_word' id='word_1_322' title='bbox 1207 2454 1249 2506; x_wconf 72' lang='lat' dir='ltr'>I&#39;s</span> <span class='ocrx_word' id='word_1_323' title='bbox 1273 2463 1414 2519; x_wconf 80' lang='lat' dir='ltr'>pulve</span> <span class='ocrx_word' id='word_1_324' title='bbox 1447 2465 1484 2507; x_wconf 91' lang='lat' dir='ltr'>b.</span> <span class='ocrx_word' id='word_1_325' title='bbox 1649 2462 1766 2506; x_wconf 86' lang='lat' dir='ltr'>acri-</span> 
     </span>
    </p>
   </div>
   <div class='ocr_carea' id='block_1_22' title="bbox 19 2521 1763 2602">
    <p class='ocr_par' dir='ltr' id='par_1_22' title="bbox 19 2521 1763 2602">
     <span class='ocr_line' id='line_1_36' title="bbox 19 2521 1763 2602; baseline 0 -37"><span class='ocrx_word' id='word_1_326' title='bbox 19 2546 21 2554; x_wconf 59' lang='lat'>»</span> <span class='ocrx_word' id='word_1_327' title='bbox 87 2523 243 2567; x_wconf 76' lang='lat' dir='ltr'>monia</span> <span class='ocrx_word' id='word_1_328' title='bbox 276 2526 315 2569; x_wconf 92' lang='lat' dir='ltr'>b.</span> <span class='ocrx_word' id='word_1_329' title='bbox 468 2529 494 2568; x_wconf 89' lang='grc'>9</span> <span class='ocrx_word' id='word_1_330' title='bbox 527 2524 635 2602; x_wconf 70' lang='lat' dir='ltr'>vino</span> <span class='ocrx_word' id='word_1_331' title='bbox 669 2524 816 2569; x_wconf 91' lang='lat' dir='ltr'>sciato</span> <span class='ocrx_word' id='word_1_332' title='bbox 850 2527 887 2570; x_wconf 94' lang='lat' dir='ltr'>b.</span> <span class='ocrx_word' id='word_1_333' title='bbox 1042 2527 1095 2566; x_wconf 88' lang='lat'>11</span> <span class='ocrx_word' id='word_1_334' title='bbox 1130 2536 1244 2578; x_wconf 88' lang='lat' dir='ltr'>saga</span> <span class='ocrx_word' id='word_1_335' title='bbox 1277 2524 1315 2567; x_wconf 94' lang='lat' dir='ltr'>b.</span> <span class='ocrx_word' id='word_1_336' title='bbox 1439 2525 1493 2565; x_wconf 82' lang='lat'>15</span> <span class='ocrx_word' id='word_1_337' title='bbox 1524 2521 1694 2565; x_wconf 73' lang='lat' dir='ltr'>hausto</span> <span class='ocrx_word' id='word_1_338' title='bbox 1726 2523 1763 2566; x_wconf 94' lang='lat' dir='ltr'>b.</span> 
     </span>
    </p>
   </div>
   <div class='ocr_carea' id='block_1_23' title="bbox 90 2583 1767 2670">
    <p class='ocr_par' dir='ltr' id='par_1_23' title="bbox 90 2583 1767 2670">
     <span class='ocr_line' id='line_1_37' title="bbox 90 2583 1767 2670; baseline 0 -18"><span class='ocrx_word' id='word_1_339' title='bbox 90 2613 143 2653; x_wconf 81' lang='lat'>17</span> <span class='ocrx_word' id='word_1_340' title='bbox 174 2610 225 2654; x_wconf 86' lang='lat' dir='ltr'>in</span> <span class='ocrx_word' id='word_1_341' title='bbox 254 2626 336 2657; x_wconf 85' lang='lat' dir='ltr'>om.</span> <span class='ocrx_word' id='word_1_342' title='bbox 372 2614 410 2657; x_wconf 92' lang='lat' dir='ltr'>b.</span> <span class='ocrx_word' id='word_1_343' title='bbox 531 2583 569 2670; x_wconf 54' lang='lat' dir='ltr'>ci&gt;</span> <span class='ocrx_word' id='word_1_344' title='bbox 602 2623 660 2659; x_wconf 78' lang='lat'>÷</span> <span class='ocrx_word' id='word_1_345' title='bbox 685 2614 723 2656; x_wconf 94' lang='lat' dir='ltr'><strong><em>b.</em></strong></span> <span class='ocrx_word' id='word_1_346' title='bbox 846 2616 901 2656; x_wconf 87' lang='grc'>18</span> <span class='ocrx_word' id='word_1_347' title='bbox 934 2611 1114 2656; x_wconf 89' lang='lat' dir='ltr'>edendo</span> <span class='ocrx_word' id='word_1_348' title='bbox 1148 2612 1186 2655; x_wconf 93' lang='lat' dir='ltr'><strong><em>b.</em></strong></span> <span class='ocrx_word' id='word_1_349' title='bbox 1281 2614 1335 2653; x_wconf 81' lang='lat'>19</span> <span class='ocrx_word' id='word_1_350' title='bbox 1360 2612 1408 2653; x_wconf 91' lang='lat' dir='ltr'>te</span> <span class='ocrx_word' id='word_1_351' title='bbox 1441 2609 1574 2666; x_wconf 86' lang='lat' dir='ltr'>splen</span> <span class='ocrx_word' id='word_1_352' title='bbox 1635 2611 1767 2653; x_wconf 90' lang='lat' dir='ltr'>curat</span> 
     </span>
    </p>
   </div>
   <div class='ocr_carea' id='block_1_24' title="bbox 27 2664 1799 2728">
    <p class='ocr_par' dir='ltr' id='par_1_24' title="bbox 27 2664 1799 2728">
     <span class='ocr_line' id='line_1_38' title="bbox 27 2664 1799 2728; baseline 0.001 -16"><span class='ocrx_word' id='word_1_353' title='bbox 27 2679 31 2686; x_wconf 60' lang='lat'><em>³</em></span> <span class='ocrx_word' id='word_1_354' title='bbox 86 2664 170 2726; x_wconf 80' lang='lat' dir='ltr'>(sic</span> <span class='ocrx_word' id='word_1_355' title='bbox 199 2685 299 2715; x_wconf 83' lang='lat' dir='ltr'>cwm</span> <span class='ocrx_word' id='word_1_356' title='bbox 330 2672 448 2728; x_wconf 85' lang='lat' dir='ltr'>albo)</span> <span class='ocrx_word' id='word_1_357' title='bbox 481 2673 519 2716; x_wconf 94' lang='lat' dir='ltr'><strong><em>b.</em></strong></span> <span class='ocrx_word' id='word_1_358' title='bbox 578 2721 583 2724; x_wconf 49' lang='grc'>,</span> <span class='ocrx_word' id='word_1_359' title='bbox 640 2672 762 2715; x_wconf 89' lang='lat' dir='ltr'>verri</span> <span class='ocrx_word' id='word_1_360' title='bbox 795 2674 832 2717; x_wconf 87' lang='lat' dir='ltr'><strong><em>b.</em></strong></span> <span class='ocrx_word' id='word_1_361' title='bbox 963 2675 1019 2714; x_wconf 90' lang='grc'>20</span> <span class='ocrx_word' id='word_1_362' title='bbox 1051 2670 1174 2713; x_wconf 88' lang='lat' dir='ltr'>clare</span> <span class='ocrx_word' id='word_1_363' title='bbox 1207 2667 1439 2713; x_wconf 83' lang='lat' dir='ltr'>convertit</span> <span class='ocrx_word' id='word_1_364' title='bbox 1470 2668 1700 2712; x_wconf 89' lang='lat' dir='ltr'>edendam</span> <span class='ocrx_word' id='word_1_365' title='bbox 1730 2684 1765 2722; x_wconf 81' lang='grc'>0,</span> <span class='ocrx_word' id='word_1_366' title='bbox 1786 2715 1799 2726; x_wconf 81' lang='lat'><strong><em>.</em></strong></span> 
     </span>
    </p>
   </div>
   <div class='ocr_carea' id='block_1_25' title="bbox 23 2749 1767 2993">
    <p class='ocr_par' dir='ltr' id='par_1_25' title="bbox 23 2749 1767 2993">
     <span class='ocr_line' id='line_1_39' title="bbox 23 2749 1764 2815; baseline 0.001 -15"><span class='ocrx_word' id='word_1_367' title='bbox 23 2763 35 2811; x_wconf 59' lang='lat'>2·</span> <span class='ocrx_word' id='word_1_368' title='bbox 87 2758 168 2813; x_wconf 70' lang='lat' dir='ltr'>qm:</span> <span class='ocrx_word' id='word_1_369' title='bbox 195 2759 268 2803; x_wconf 67' lang='lat' dir='ltr'>hie</span> <span class='ocrx_word' id='word_1_370' title='bbox 298 2760 475 2805; x_wconf 72' lang='lat' dir='ltr'>desinit.</span> <span class='ocrx_word' id='word_1_371' title='bbox 567 2757 634 2802; x_wconf 74' lang='lat' dir='ltr'>11ss</span> <span class='ocrx_word' id='word_1_372' title='bbox 658 2749 717 2791; x_wconf 87' lang='lat'><em>-·&#39;-</em></span> <span class='ocrx_word' id='word_1_373' title='bbox 743 2760 763 2803; x_wconf 87' lang='lat'>1</span> <span class='ocrx_word' id='word_1_374' title='bbox 789 2761 826 2804; x_wconf 84' lang='lat' dir='ltr'><strong><em>b.</em></strong></span> <span class='ocrx_word' id='word_1_375' title='bbox 919 2764 973 2802; x_wconf 82' lang='lat'>21</span> <span class='ocrx_word' id='word_1_376' title='bbox 1006 2772 1151 2815; x_wconf 75' lang='lat' dir='ltr'>pones</span> <span class='ocrx_word' id='word_1_377' title='bbox 1177 2759 1274 2815; x_wconf 60' lang='lat' dir='ltr'>(sic)</span> <span class='ocrx_word' id='word_1_378' title='bbox 1305 2759 1344 2802; x_wconf 85' lang='lat' dir='ltr'><strong><em>b.</em></strong></span> <span class='ocrx_word' id='word_1_379' title='bbox 1466 2761 1521 2799; x_wconf 82' lang='lat'>22</span> <span class='ocrx_word' id='word_1_380' title='bbox 1548 2755 1697 2800; x_wconf 79' lang='lat' dir='ltr'>simul&#39;</span> <span class='ocrx_word' id='word_1_381' title='bbox 1726 2759 1764 2801; x_wconf 87' lang='lat' dir='ltr'><strong><em>b.</em></strong></span> 
     </span>
     <span class='ocr_line' id='line_1_40' title="bbox 90 2814 1767 2874; baseline 0 -15"><span class='ocrx_word' id='word_1_382' title='bbox 90 2814 212 2859; x_wconf 75' lang='lat' dir='ltr'>stih&#39;9</span> <span class='ocrx_word' id='word_1_383' title='bbox 229 2819 266 2862; x_wconf 93' lang='lat' dir='ltr'><strong><em>b.</em></strong></span> <span class='ocrx_word' id='word_1_384' title='bbox 330 2822 387 2861; x_wconf 85' lang='grc'>24</span> <span class='ocrx_word' id='word_1_385' title='bbox 404 2818 604 2874; x_wconf 84' lang='lat' dir='ltr'>Cycutas</span> <span class='ocrx_word' id='word_1_386' title='bbox 619 2820 666 2862; x_wconf 92' lang='lat' dir='ltr'>et</span> <span class='ocrx_word' id='word_1_387' title='bbox 680 2817 892 2863; x_wconf 73' lang='lat' dir='ltr'>baccas„</span> <span class='ocrx_word' id='word_1_388' title='bbox 907 2819 1373 2869; x_wconf 72' lang='lat' dir='ltr'>.etc.c.accus.bsc.Rc.</span> <span class='ocrx_word' id='word_1_389' title='bbox 1391 2816 1767 2872; x_wconf 74' lang='lat' dir='ltr'>cfiMarc.p.&#39;344‚</span> 
     </span>
     <span class='ocr_line' id='line_1_41' title="bbox 86 2873 1766 2934; baseline 0.001 -18"><span class='ocrx_word' id='word_1_390' title='bbox 86 2875 130 2917; x_wconf 79' lang='lat'><strong><em>4.</em></strong></span> <span class='ocrx_word' id='word_1_391' title='bbox 143 2877 182 2919; x_wconf 81' lang='lat'><strong><em>7.</em></strong></span> <span class='ocrx_word' id='word_1_392' title='bbox 258 2876 593 2921; x_wconf 87' lang='lat' dir='ltr'>testiculorum.</span> <span class='ocrx_word' id='word_1_393' title='bbox 614 2876 742 2934; x_wconf 70' lang='lat' dir='ltr'>Cipsi</span> <span class='ocrx_word' id='word_1_394' title='bbox 757 2879 821 2922; x_wconf 81' lang='lat' dir='ltr'>sic</span> <span class='ocrx_word' id='word_1_395' title='bbox 839 2878 953 2933; x_wconf 77' lang='lat' dir='ltr'>(sine</span> <span class='ocrx_word' id='word_1_396' title='bbox 969 2878 1091 2931; x_wconf 79' lang='lat' dir='ltr'>albo)</span> <span class='ocrx_word' id='word_1_397' title='bbox 1110 2878 1149 2920; x_wconf 93' lang='lat' dir='ltr'><strong><em>b.</em></strong></span> <span class='ocrx_word' id='word_1_398' title='bbox 1220 2879 1276 2918; x_wconf 82' lang='grc'>27</span> <span class='ocrx_word' id='word_1_399' title='bbox 1292 2873 1402 2919; x_wconf 85' lang='lat' dir='ltr'>vino</span> <span class='ocrx_word' id='word_1_400' title='bbox 1418 2875 1455 2919; x_wconf 87' lang='lat' dir='ltr'><strong><em>b.</em></strong></span> <span class='ocrx_word' id='word_1_401' title='bbox 1517 2895 1519 2898; x_wconf 93' lang='lat'>·</span> <span class='ocrx_word' id='word_1_402' title='bbox 1534 2879 1590 2919; x_wconf 83' lang='lat'>28</span> <span class='ocrx_word' id='word_1_403' title='bbox 1606 2874 1766 2918; x_wconf 87' lang='lat' dir='ltr'>tundis</span> 
     </span>
     <span class='ocr_line' id='line_1_42' title="bbox 30 2932 1764 2993; baseline 0.001 -17"><span class='ocrx_word' id='word_1_404' title='bbox 30 2955 35 2988; x_wconf 69' lang='lat'><em>2</em></span> <span class='ocrx_word' id='word_1_405' title='bbox 86 2933 139 2976; x_wconf 73' lang='lat' dir='ltr'>e‘t</span> <span class='ocrx_word' id='word_1_406' title='bbox 153 2932 376 2979; x_wconf 88' lang='lat' dir='ltr'>immiscis</span> <span class='ocrx_word' id='word_1_407' title='bbox 387 2938 426 2981; x_wconf 88' lang='lat' dir='ltr'><strong><em>b.</em></strong></span> <span class='ocrx_word' id='word_1_408' title='bbox 474 2937 651 2982; x_wconf 81' lang='lat' dir='ltr'>29sicb.</span> <span class='ocrx_word' id='word_1_409' title='bbox 701 2950 836 2980; x_wconf 90' lang='lat' dir='ltr'>sucus</span> <span class='ocrx_word' id='word_1_410' title='bbox 846 2938 885 2982; x_wconf 92' lang='lat' dir='ltr'><strong><em>b.</em></strong></span> <span class='ocrx_word' id='word_1_411' title='bbox 932 2935 1140 2993; x_wconf 65' lang='lat' dir='ltr'>galbam-1</span> <span class='ocrx_word' id='word_1_412' title='bbox 1151 2937 1189 2980; x_wconf 89' lang='lat' dir='ltr'><strong><em>b.</em></strong></span> <span class='ocrx_word' id='word_1_413' title='bbox 1237 2933 1350 2979; x_wconf 88' lang='lat' dir='ltr'>teris</span> <span class='ocrx_word' id='word_1_414' title='bbox 1361 2935 1398 2979; x_wconf 93' lang='lat' dir='ltr'><strong><em>b.</em></strong></span> <span class='ocrx_word' id='word_1_415' title='bbox 1447 2932 1716 2977; x_wconf 88' lang='lat' dir='ltr'>commisces</span> <span class='ocrx_word' id='word_1_416' title='bbox 1727 2935 1764 2978; x_wconf 93' lang='lat' dir='ltr'><strong><em>b.</em></strong></span> 
     </span>
    </p>
   </div>
  </div>
 </body>
</html>
