1950 3172
171 104 249 170 23
514 67 517 69 ’
686 70 1005 149 Timonem
1032 103 1338 148 PRISGIANI
1366 147 1368 149 ,

175 248 225 293 et
261 244 420 293 uteris
459 242 702 293 similiter.
778 242 872 292 hoc
911 241 1104 292 facilius
1144 241 1315 306 adipes
1351 242 1544 306 caprini
1573 239 1652 291 vel
1689 236 1871 298 bubuli?

176 316 323 366 colati
362 317 596 367 efficiunt.
674 317 933 381 origanum
970 331 1087 365 vero
1126 329 1296 364 murra
1334 319 1385 365 et
1423 314 1496 364 sal
1533 315 1682 366 simul
1718 322 1878 368 tunsa?

177 392 441 441 commixta
487 406 600 440 cum
646 405 771 455 aqua
821 390 1056 439 continuo
1109 390 1162 439 in
1215 389 1551 439 maturitatem
1605 389 1867 442 adducent.

175 480 290 514 nam
329 470 380 514 et
417 466 608 515 caricae
649 468 883 513 contusae
923 478 1036 513 cum
1074 465 1241 513 resina
1280 461 1523 512 similiter.
1856 489 1858 491 >

132 554 154 587 5
327 554 439 588 cum
476 553 594 587 vero
632 537 712 586 his
755 537 1013 587 adiutoriis
1061 536 1296 586 adhibitis
1344 536 1661 586 collectiones
1707 543 1866 588 matu·
1896 588 1899 594 ,

177 618 312 662 ratae
360 618 444 662 aut
489 616 685 661 coactae
732 613 991 676 eruperint
1035 617 1119 661 aut
1165 627 1191 660 a
1237 609 1445 660 medicis
1492 611 1678 660 fuerint
1730 617 1867 677 pate·
1900 665 1902 667 ,

177 686 356 753 factae,
394 684 682 735 vulneribus
729 684 1009 735 medeberis
1049 687 1093 734 is
1132 684 1508 734 medicamentis
1549 700 1674 750 quae
1711 685 1868 735 medi-

179 775 350 810 corum
390 759 678 809 solemniter
717 759 915 809 edocuit
954 759 1272 808 consuetudo,
1345 760 1423 807 sin
1457 773 1575 808 vero
1614 774 1791 824 magna
1820 761 1870 808 vi
1904 780 1907 789 =

178 835 416 883 reumatis
457 835 837 899 superveniente
878 832 1067 882 solvere
1103 848 1205 881 non
1235 834 1492 898 potuerint
1522 838 1572 881 et
1602 831 1868 883 ferbuncu-

113 924 155 956 10
178 907 254 956 los
292 907 370 956 vel
408 907 659 971 parotidas
699 906 968 956 callositate
1003 912 1325 972 permanente
1358 905 1627 956 choeradas
1658 906 1871 977 fecerint

180 981 431 1047 durioreS‚
476 986 595 1030 tunc
635 980 695 1029 ad
735 980 1002 1030 choeradas
1042 996 1125 1030 eas
1165 980 1259 1029 alia
1298 980 1622 1045 dispositione
1661 996 1752 1045 pro
1793 982 1871 1030 sui
1916 996 1918 998 ’

181 1054 467 1104 difficultate
509 1069 678 1104 curam
718 1060 767 1104 et
805 1069 1006 1119 operam
1044 1056 1340 1119 propensius
1381 1053 1714 1104 adhibeamus

92 1191 160 1244 27
728 1186 808 1236 XI.
870 1186 947 1236 De
988 1187 1319 1237 choeradiS.

327 1275 685 1325 Praeeuntibus
747 1275 1000 1325 catholicis
1070 1276 1326 1325 adiutoriis
1398 1292 1522 1340 quae
1585 1282 1634 1325 et
1696 1278 1872 1340 capitis
1929 1338 1934 1343 q

114 1366 158 1400 15
181 1365 352 1400 reuma
391 1351 731 1414 constringere
765 1356 814 1399 et
845 1365 1024 1414 corpus
1056 1349 1305 1415 reliquum
1337 1351 1619 1399 catharticis
1657 1366 1871 1415 purgare
1930 1371 1932 1376 ’

302 1497 324 1535 1
360 1493 408 1536 et
437 1493 560 1535 teres
601 1491 817 1535 similiter
855 1491 974 1547 Get,
1016 1493 1064 1535 et
1106 1491 1264 1537 uteris,
1331 1492 1558 1537 Similiter
1587 1493 1632 1536 Β
1664 1491 1794 1549 (teris
1826 1494 1875 1537 et

180 1550 325 1596 uteris
358 1553 445 1608 br).
582 1550 671 1595 hoc
701 1551 888 1595 facilius
922 1550 1083 1608 adipes
1117 1553 1178 1597 br
1197 1552 1314 1597 Gel.:
1346 1551 1610 1609 (Similiter)
1639 1551 1730 1596 hoc
1758 1551 1873 1596 faci-

180 1610 272 1654 lius
304 1609 516 1667 erumpit.
551 1612 600 1654 et
631 1609 719 1654 soli
751 1609 904 1668 adipis
936 1610 995 1654 Β.
1234 1610 1313 1655 vel
1342 1611 1389 1655 Β
1408 1611 1525 1657 Gel.:
1566 1612 1650 1655 aut
1681 1612 1752 1656 br.
1942 1646 1943 1649 η

181 1674 207 1714 2
239 1683 397 1726 myrra
426 1671 485 1714 rb
506 1669 624 1714 Gela
656 1668 797 1713 mirta
829 1672 868 1714 b.
973 1669 1043 1712 sal
1075 1670 1174 1715 rB:
1207 1670 1306 1714 sale
1331 1671 1370 1726 b,
1404 1670 1526 1715 sales
1553 1670 1648 1716 Gez.
1733 1671 1876 1714 tunsa
1941 1668 1950 1733 1

182 1731 230 1773 et
260 1728 466 1773 comixta
489 1729 535 1772 Β
559 1728 706 1785 (tunsi
736 1727 978 1773 commixti
1005 1729 1140 1785 Gel.):
1166 1729 1331 1785 con(de
1354 1731 1396 1787 r)
1419 1729 1537 1773 tritu'i
1568 1728 1774 1774 comixtsi
1800 1731 1872 1775 br.
1940 1737 1950 1785 ιζ

182 1794 208 1834 3
242 1788 479 1831 adducent
509 1788 697 1843 (—cunt
726 1788 882 1845 rGeZ.)
914 1788 974 1832 rb
1003 1787 1121 1832 θῶς
1152 1788 1415 1844 perducunt
1444 1789 1504 1834 Β.
1627 1793 1655 1831 4
1684 1802 1795 1832 nam
1827 1790 1875 1832 et
1940 1786 1950 1847 ⁵]

183 1847 301 1892 Gel.:
336 1847 384 1890 et
414 1847 474 1903 B,
506 1859 589 1892 om.
624 1848 695 1891 br.
864 1845 1082 1890 similiter
1113 1847 1298 1892 BGeh
1332 1862 1415 1892 om.
1451 1849 1521 1892 br.
1705 1851 1731 1890 5
1762 1861 1872 1891 vero
1942 1850 1950 1903 ἶ

182 1908 241 1951 br
260 1906 378 1951 Gela
412 1920 495 1950 om.
528 1906 586 1950 Β.
770 1909 796 1948 6
820 1920 880 1950 m.
908 1906 991 1948 aut
1022 1907 1213 1949 coactae
1245 1906 1481 1962 eruperint
1507 1907 1627 1951 θεὶς
1667 1908 1875 1950 matura-

181 1967 260 2009 tae
291 1964 528 2021 eruperint
560 1965 629 2020 (in
658 1966 767 2021 ras.)
799 1965 866 2021 B,
906 1964 1181 2008 maturitate
1219 1964 1292 2008 ve]
1328 1966 1487 2022 aperte
1521 1966 1664 2023 (apte)
1704 1965 1799 2008 sint
1827 1966 1873 2009 b.
1948 1995 1950 2001 ·

181 2026 363 2081 mature
394 2023 472 2067 vel
508 2025 616 2080 apte
650 2025 746 2080 (sic)
777 2038 815 2068 r.
1035 2023 1444 2080 aut-patefactae
1479 2024 1597 2070 Gal:
1630 2038 1711 2069 om.
1746 2025 1874 2070 Bbr.

184 2087 207 2126 7
242 2083 304 2128 is:
336 2082 410 2126 his
442 2083 557 2127 Bbr
582 2082 679 2127 θεῖ.
807 2082 1067 2126 medeberis
1099 2083 1158 2139 Β,
1192 2083 1360 2126 —bere
1395 2083 1491 2128 Gel.
1524 2083 1676 2139 (mede
1708 2084 1747 2139 b,
1779 2097 1876 2128 me-

182 2142 290 2186 dere
321 2143 376 2199 r).
494 2146 518 2185 7
542 2140 830 2186 medicorum
861 2155 943 2187 om.
976 2141 1035 2186 B.
1160 2147 1186 2186 8
1218 2141 1506 2186 sollemniter
1529 2143 1589 2198 Β,
1623 2141 1876 2186 solenniter

186 2202 303 2247 Get:
337 2215 419 2246 om.
454 2202 513 2246 br
545 2201 643 2257 (qui
672 2215 731 2245 m.
766 2214 888 2245 cons.
923 2199 1139 2258 edocuit).
1307 2206 1414 2259 post
1446 2201 1634 2245 edocuit
1665 2203 1764 2246 alia
1786 2215 1871 2258 seq.

180 2261 509 2306 ‘medicamenta
530 2261 584 2304 in
607 2261 698 2304 ber
722 2258 1011 2316 (Medicinali
1043 2259 1219 2316 digito.
1240 2296 1247 2304 .
1270 2262 1297 2317 .)
1404 2259 1477 2303 sin
1508 2261 1554 2304 Β
1575 2261 1693 2306 Get:
1727 2259 1767 2303 si
1800 2262 1872 2306 br.

181 2333 356 2378 magna
393 2319 443 2364 vi
479 2317 704 2363 reumatis
739 2319 860 2375 Get,
888 2332 1062 2376 magno
1094 2320 1233 2376 (—na
1263 2322 1304 2376 r)
1335 2321 1545 2363 reumate
1577 2321 1655 2365 br:
1701 2333 1875 2376 magno

181 2379 401 2437 flegmate
439 2379 498 2423 Β.
653 2381 678 2420 9
726 2377 845 2422 solvi
889 2391 1002 2427 non,
1027 2377 1235 2434 potuerit
1281 2378 1569 2434 (furunculus
1614 2378 1692 2423 vel
1735 2391 1875 2436 paro-

181 2438 308 2495 tida)
347 2439 413 2495 Β,
463 2437 641 2482 solvere
683 2450 777 2480 non
821 2436 1061 2494 potuerint
1092 2438 1151 2482 br
1189 2437 1421 2494 (potueris
1468 2452 1581 2483 corr.
1625 2438 1754 2494 ὕει).

183 2500 231 2542 et
263 2499 383 2554 (hic)
417 2498 495 2542 br:
545 2498 592 2540 et
631 2498 753 2553 (post
791 2498 959 2553 parot.)
1002 2497 1120 2553 ὕει,
1165 2497 1248 2540 sed
1288 2499 1417 2553 (item
1454 2502 1562 2555 post
1605 2498 1773 2553 parot.)
1812 2497 1872 2542 Β.

182 2555 479 2601 ferbunculos
512 2557 537 2600 b
559 2556 675 2601 Get:
707 2555 978 2599 furunculos
1010 2557 1139 2612 (——us
1164 2556 1227 2613 B)
1259 2556 1352 2601 rB.
1507 2560 1562 2599 10
1608 2554 1875 2600 callositate

182 2630 227 2671 p.
269 2615 525 2659 choeradas
564 2615 610 2657 Β
635 2615 752 2659 Get:
800 2629 883 2659 om.
933 2616 1004 2659 br.
1246 2614 1443 2659 fecerint
1489 2615 1534 2671 b,
1583 2614 1812 2658 efficerint
1850 2630 1876 2659 r

185 2673 366 2729 (fecerit
410 2674 455 2716 Β
475 2674 604 2730 Gel.).
773 2678 825 2717 11
877 2673 1085 2718 duriores
1131 2675 1244 2718 tunc
1291 2673 1511 2730 quirades
1558 2686 1637 2718 eas
1677 2675 1737 2718 br
1767 2673 1875 2730 (du-

182 2731 342 2786 riores
372 2733 485 2775 tunc
516 2731 760 2776 choeradis
791 2732 865 2775 his
902 2732 1038 2790 Gez.):
1074 2733 1136 2776 ad
1168 2732 1376 2777 duriores
1407 2732 1664 2777 choeradas
1695 2732 1754 2777 Β.

186 2795 240 2834 12
271 2789 547 2846 propensius
581 2792 640 2834 br
659 2791 778 2836 GeL:
810 2805 893 2836 om.
926 2791 985 2836 B.
1161 2791 1491 2837 adhibeamus:
1523 2793 1590 2838 sic
1621 2792 1681 2836 br
1703 2791 1751 2835 B
1777 2791 1872 2836 Gel.

187 2854 241 2893 13
274 2849 421 2894 Rubr.
455 2862 538 2892 om.
570 2849 675 2903 rB,
715 2849 784 2893 De
824 2849 1027 2894 cuiradis
1060 2851 1086 2895 b
1118 2850 1202 2906 (De
1234 2850 1306 2896 ch.
1338 2856 1418 2896 etc.
1453 2851 1568 2908 Gal.)
1607 2855 1649 2896 et
1685 2852 1739 2894 in
1777 2851 1874 2894 ind.

185 2910 323 2954 etiam
352 2922 377 2951 r
394 2909 449 2963 (c)
480 2905 548 2950 De
573 2906 796 2962 quiradis.
921 2913 1081 2965 14-10,
1109 2913 1178 2966 29,
1199 2914 1221 2952 1
1249 2911 1327 2966 (br
1345 2910 1459 2967 Get.)
1483 2914 1590 2967 post
1620 2908 1876 2953 choeradas
