<?xml version="1.0" encoding="UTF-8"?>
<!DOCTYPE html PUBLIC "-//W3C//DTD XHTML 1.0 Transitional//EN"
    "http://www.w3.org/TR/xhtml1/DTD/xhtml1-transitional.dtd">
<html xmlns="http://www.w3.org/1999/xhtml" xml:lang="en" lang="en">
 <head>
  <title>
</title>
<meta http-equiv="Content-Type" content="text/html;charset=utf-8" />
  <meta name='ocr-system' content='tesseract 3.04.00' />
  <meta name='ocr-capabilities' content='ocr_page ocr_carea ocr_par ocr_line ocrx_word'/>
</head>
<body>
  <div class='ocr_page' id='page_1' title='image "./theoeuporislibr00prisuoft_0515.png"; bbox 0 0 1988 3184; ppageno 0'>
   <div class='ocr_carea' id='block_1_1' title="bbox 0 0 248 299">
    <p class='ocr_par' dir='ltr' id='par_1_1' title="bbox 0 0 248 299">
     <span class='ocr_line' id='line_1_1' title="bbox 0 0 248 299; baseline 0 0"><span class='ocrx_word' id='word_1_1' title='bbox 0 0 248 299; x_wconf 95' lang='lat' dir='ltr'><strong>  </strong></span> 
     </span>
    </p>
   </div>
   <div class='ocr_carea' id='block_1_2' title="bbox 693 130 1816 184">
    <p class='ocr_par' dir='ltr' id='par_1_2' title="bbox 693 130 1816 184">
     <span class='ocr_line' id='line_1_2' title="bbox 693 130 1816 184; baseline 0.008 -9"><span class='ocrx_word' id='word_1_2' title='bbox 693 132 958 180; x_wconf 78' lang='grc' dir='ltr'><strong>ΕΡῙΤΟΜΕ</strong></span> <span class='ocrx_word' id='word_1_3' title='bbox 987 132 1238 176; x_wconf 78' lang='lat' dir='ltr'>ALTERA.</span> <span class='ocrx_word' id='word_1_4' title='bbox 1377 166 1383 173; x_wconf 92' lang='lat'><strong>.</strong></span> <span class='ocrx_word' id='word_1_5' title='bbox 1705 130 1816 184; x_wconf 85' lang='lat'><strong>483</strong></span> 
     </span>
    </p>
   </div>
   <div class='ocr_carea' id='block_1_3' title="bbox 136 262 1817 321">
    <p class='ocr_par' dir='ltr' id='par_1_3' title="bbox 51 233 1817 321">
     <span class='ocr_line' id='line_1_3' title="bbox 136 262 1817 321; baseline 0.001 -13.952"><span class='ocrx_word' id='word_1_6' title='bbox 136 262 212 307; x_wconf 92' lang='lat' dir='ltr'><strong>cui</strong></span> <span class='ocrx_word' id='word_1_7' title='bbox 242 276 393 319; x_wconf 87' lang='lat' dir='ltr'><strong>neque</strong></span> <span class='ocrx_word' id='word_1_8' title='bbox 425 262 644 308; x_wconf 88' lang='lat' dir='ltr'><strong>estuandi</strong></span> <span class='ocrx_word' id='word_1_9' title='bbox 684 263 863 319; x_wconf 85' lang='lat' dir='ltr'><strong>aditus,</strong></span> <span class='ocrx_word' id='word_1_10' title='bbox 901 276 1052 319; x_wconf 85' lang='lat' dir='ltr'><strong>neque</strong></span> <span class='ocrx_word' id='word_1_11' title='bbox 1090 263 1350 320; x_wconf 88' lang='lat' dir='ltr'><strong>recipiendi</strong></span> <span class='ocrx_word' id='word_1_12' title='bbox 1391 262 1582 320; x_wconf 90' lang='lat' dir='ltr'><strong>spiritus</strong></span> <span class='ocrx_word' id='word_1_13' title='bbox 1615 263 1817 321; x_wconf 85' lang='lat' dir='ltr'><strong>contigit</strong></span> 
     </span>
    </p>
   </div>
   <div class='ocr_carea' id='block_1_4' title="bbox 0 299 58 549">
    <p class='ocr_par' dir='ltr' id='par_1_4' title="bbox 0 299 58 549">
     <span class='ocr_line' id='line_1_4' title="bbox 0 299 58 549; baseline 0 0"><span class='ocrx_word' id='word_1_14' title='bbox 0 299 58 549; x_wconf 95' lang='lat' dir='ltr'><strong>  </strong></span> 
     </span>
    </p>
   </div>
   <div class='ocr_carea' id='block_1_5' title="bbox 0 2789 19 2863">
    <p class='ocr_par' dir='ltr' id='par_1_5' title="bbox 0 2789 19 2863">
     <span class='ocr_line' id='line_1_5' title="bbox 0 2789 11 2824; baseline 0 -14"><span class='ocrx_word' id='word_1_15' title='bbox 0 2789 11 2824; x_wconf 46' lang='lat' dir='ltr'>f</span> 
     </span>
     <span class='ocr_line' id='line_1_6' title="bbox 0 2831 19 2863; baseline 0 -14"><span class='ocrx_word' id='word_1_16' title='bbox 0 2831 19 2863; x_wconf 37' lang='grc' dir='ltr'><strong>[μ</strong></span> 
     </span>
    </p>
   </div>
   <div class='ocr_carea' id='block_1_6' title="bbox 0 2859 136 3184">
    <p class='ocr_par' dir='ltr' id='par_1_6' title="bbox 0 2859 136 3184">
     <span class='ocr_line' id='line_1_7' title="bbox 10 2859 26 2872; baseline 0 0"><span class='ocrx_word' id='word_1_17' title='bbox 10 2859 26 2872; x_wconf 66' lang='lat'><strong>¹⁸-</strong></span> 
     </span>
     <span class='ocr_line' id='line_1_8' title="bbox 16 2876 33 2886; baseline 0 0"><span class='ocrx_word' id='word_1_18' title='bbox 16 2876 33 2886; x_wconf 59' lang='grc' dir='ltr'><strong>τ,</strong></span> 
     </span>
     <span class='ocr_line' id='line_1_9' title="bbox 0 2865 136 3184; baseline 0 0"><span class='ocrx_word' id='word_1_19' title='bbox 0 2865 75 3184; x_wconf 67' lang='grc' dir='ltr'>ι</span> <span class='ocrx_word' id='word_1_20' title='bbox 127 3050 136 3059; x_wconf 57' lang='lat'><strong>·</strong></span> 
     </span>
    </p>
   </div>
   <div class='ocr_carea' id='block_1_7' title="bbox 133 328 1907 517">
    <p class='ocr_par' dir='ltr' id='par_1_7' title="bbox 133 328 1907 517">
     <span class='ocr_line' id='line_1_10' title="bbox 133 328 1817 386; baseline 0.001 -13"><span class='ocrx_word' id='word_1_21' title='bbox 133 331 360 386; x_wconf 88' lang='lat' dir='ltr'><strong>potestas,</strong></span> <span class='ocrx_word' id='word_1_22' title='bbox 401 330 565 374; x_wconf 87' lang='lat' dir='ltr'><strong>ardore</strong></span> <span class='ocrx_word' id='word_1_23' title='bbox 595 329 741 374; x_wconf 90' lang='lat' dir='ltr'><strong>nimio</strong></span> <span class='ocrx_word' id='word_1_24' title='bbox 771 328 980 373; x_wconf 88' lang='lat' dir='ltr'><strong>membra</strong></span> <span class='ocrx_word' id='word_1_25' title='bbox 1011 328 1303 375; x_wconf 88' lang='lat' dir='ltr'><strong>consummit.</strong></span> <span class='ocrx_word' id='word_1_26' title='bbox 1336 328 1448 385; x_wconf 89' lang='lat' dir='ltr'><strong>quia</strong></span> <span class='ocrx_word' id='word_1_27' title='bbox 1487 329 1713 385; x_wconf 86' lang='lat' dir='ltr'><strong>quamdiu</strong></span> <span class='ocrx_word' id='word_1_28' title='bbox 1745 343 1817 374; x_wconf 90' lang='lat' dir='ltr'><strong>so-</strong></span> 
     </span>
     <span class='ocr_line' id='line_1_11' title="bbox 136 393 1907 452; baseline 0.002 -15"><span class='ocrx_word' id='word_1_29' title='bbox 136 393 282 438; x_wconf 88' lang='lat' dir='ltr'><strong>cietas</strong></span> <span class='ocrx_word' id='word_1_30' title='bbox 301 394 541 451; x_wconf 81' lang='lat' dir='ltr'><strong>sanguinis</strong></span> <span class='ocrx_word' id='word_1_31' title='bbox 567 396 709 450; x_wconf 88' lang='lat' dir='ltr'><strong>atque</strong></span> <span class='ocrx_word' id='word_1_32' title='bbox 734 394 1070 451; x_wconf 75' lang='lat' dir='ltr'><strong>spiramentum</strong></span> <span class='ocrx_word' id='word_1_33' title='bbox 1085 394 1454 452; x_wconf 71' lang='lat' dir='ltr'><strong>concordaverit,</strong></span> <span class='ocrx_word' id='word_1_34' title='bbox 1478 395 1661 439; x_wconf 85' lang='lat' dir='ltr'><strong>tamdiu</strong></span> <span class='ocrx_word' id='word_1_35' title='bbox 1677 395 1815 440; x_wconf 92' lang='lat' dir='ltr'><strong>homo</strong></span> <span class='ocrx_word' id='word_1_36' title='bbox 1888 401 1907 421; x_wconf 77' lang='lat'><em>⁶</em></span> 
     </span>
     <span class='ocr_line' id='line_1_12' title="bbox 136 460 838 517; baseline 0.003 -14"><span class='ocrx_word' id='word_1_37' title='bbox 136 460 389 517; x_wconf 83' lang='lat' dir='ltr'><strong>vaporibus</strong></span> <span class='ocrx_word' id='word_1_38' title='bbox 420 460 610 505; x_wconf 91' lang='lat' dir='ltr'><strong>illorum</strong></span> <span class='ocrx_word' id='word_1_39' title='bbox 641 463 838 506; x_wconf 89' lang='lat' dir='ltr'><strong>constat.</strong></span> 
     </span>
    </p>
   </div>
   <div class='ocr_carea' id='block_1_8' title="bbox 674 578 1882 637">
    <p class='ocr_par' dir='ltr' id='par_1_8' title="bbox 674 578 1882 637">
     <span class='ocr_line' id='line_1_13' title="bbox 674 578 1882 637; baseline 0.002 -16"><span class='ocrx_word' id='word_1_40' title='bbox 674 578 900 623; x_wconf 89' lang='lat' dir='ltr'><strong>XXXVII.</strong></span> <span class='ocrx_word' id='word_1_41' title='bbox 932 578 1008 622; x_wconf 93' lang='lat' dir='ltr'><strong>De</strong></span> <span class='ocrx_word' id='word_1_42' title='bbox 1042 578 1283 637; x_wconf 24' lang='lat' dir='ltr'><strong>pebtuita.</strong></span> <span class='ocrx_word' id='word_1_43' title='bbox 1860 599 1882 633; x_wconf 90' lang='lat'>5</span> 
     </span>
    </p>
   </div>
   <div class='ocr_carea' id='block_1_9' title="bbox 127 650 1881 2424">
    <p class='ocr_par' dir='ltr' id='par_1_9' title="bbox 127 650 1881 2424">
     <span class='ocr_line' id='line_1_14' title="bbox 250 650 1816 708; baseline 0.001 -14"><span class='ocrx_word' id='word_1_44' title='bbox 250 650 439 695; x_wconf 91' lang='lat' dir='ltr'><strong>Petuita</strong></span> <span class='ocrx_word' id='word_1_45' title='bbox 470 651 558 695; x_wconf 90' lang='lat' dir='ltr'><strong>hoc</strong></span> <span class='ocrx_word' id='word_1_46' title='bbox 590 653 662 695; x_wconf 90' lang='lat' dir='ltr'><strong>est</strong></span> <span class='ocrx_word' id='word_1_47' title='bbox 694 650 858 696; x_wconf 88' lang='lat' dir='ltr'><strong>coriza.</strong></span> <span class='ocrx_word' id='word_1_48' title='bbox 890 665 985 695; x_wconf 92' lang='lat' dir='ltr'><strong>non</strong></span> <span class='ocrx_word' id='word_1_49' title='bbox 1009 653 1133 697; x_wconf 91' lang='lat' dir='ltr'><strong>enim</strong></span> <span class='ocrx_word' id='word_1_50' title='bbox 1155 652 1256 696; x_wconf 90' lang='lat' dir='ltr'><strong>ulla</strong></span> <span class='ocrx_word' id='word_1_51' title='bbox 1279 652 1383 708; x_wconf 87' lang='lat' dir='ltr'><strong>lege</strong></span> <span class='ocrx_word' id='word_1_52' title='bbox 1407 651 1640 708; x_wconf 89' lang='lat' dir='ltr'><strong>leguntur,</strong></span> <span class='ocrx_word' id='word_1_53' title='bbox 1667 654 1715 696; x_wconf 90' lang='lat' dir='ltr'><strong>et</strong></span> <span class='ocrx_word' id='word_1_54' title='bbox 1736 666 1816 696; x_wconf 90' lang='lat' dir='ltr'><strong>ne-</strong></span> 
     </span>
     <span class='ocr_line' id='line_1_15' title="bbox 134 717 1816 775; baseline 0.001 -15"><span class='ocrx_word' id='word_1_55' title='bbox 134 730 260 761; x_wconf 87' lang='lat' dir='ltr'><strong>cesse</strong></span> <span class='ocrx_word' id='word_1_56' title='bbox 290 717 469 762; x_wconf 86' lang='lat' dir='ltr'><strong>habent</strong></span> <span class='ocrx_word' id='word_1_57' title='bbox 497 719 683 762; x_wconf 89' lang='lat' dir='ltr'><strong>tantum</strong></span> <span class='ocrx_word' id='word_1_58' title='bbox 715 718 777 761; x_wconf 89' lang='lat' dir='ltr'><strong>ad</strong></span> <span class='ocrx_word' id='word_1_59' title='bbox 804 718 1044 762; x_wconf 87' lang='lat' dir='ltr'><strong>cerebrum</strong></span> <span class='ocrx_word' id='word_1_60' title='bbox 1066 718 1339 762; x_wconf 89' lang='lat' dir='ltr'><strong>membrana</strong></span> <span class='ocrx_word' id='word_1_61' title='bbox 1363 717 1599 763; x_wconf 83' lang='lat' dir='ltr'><strong>adherere.</strong></span> <span class='ocrx_word' id='word_1_62' title='bbox 1631 717 1816 775; x_wconf 89' lang='lat' dir='ltr'><strong>petuita</strong></span> 
     </span>
     <span class='ocr_line' id='line_1_16' title="bbox 133 783 1813 840; baseline 0.001 -13"><span class='ocrx_word' id='word_1_63' title='bbox 133 785 235 827; x_wconf 91' lang='lat' dir='ltr'><strong>toto</strong></span> <span class='ocrx_word' id='word_1_64' title='bbox 267 797 460 840; x_wconf 90' lang='lat' dir='ltr'><strong>corpore</strong></span> <span class='ocrx_word' id='word_1_65' title='bbox 491 783 697 840; x_wconf 87' lang='lat' dir='ltr'><strong>habitat,</strong></span> <span class='ocrx_word' id='word_1_66' title='bbox 727 785 781 828; x_wconf 92' lang='lat' dir='ltr'><strong>ut</strong></span> <span class='ocrx_word' id='word_1_67' title='bbox 811 798 1067 839; x_wconf 90' lang='lat' dir='ltr'><strong>numquam</strong></span> <span class='ocrx_word' id='word_1_68' title='bbox 1098 783 1223 827; x_wconf 89' lang='lat' dir='ltr'><strong>sanis</strong></span> <span class='ocrx_word' id='word_1_69' title='bbox 1249 783 1309 826; x_wconf 90' lang='lat' dir='ltr'><strong>ab</strong></span> <span class='ocrx_word' id='word_1_70' title='bbox 1335 783 1562 839; x_wconf 84' lang='lat' dir='ltr'><strong>expressis</strong></span> <span class='ocrx_word' id='word_1_71' title='bbox 1586 783 1813 828; x_wconf 88' lang='lat' dir='ltr'><strong>inhereat.</strong></span> 
     </span>
     <span class='ocr_line' id='line_1_17' title="bbox 131 848 1815 906; baseline 0 -13"><span class='ocrx_word' id='word_1_72' title='bbox 131 849 321 893; x_wconf 87' lang='lat' dir='ltr'><strong>initium</strong></span> <span class='ocrx_word' id='word_1_73' title='bbox 349 849 583 906; x_wconf 88' lang='lat' dir='ltr'><strong>petuitate</strong></span> <span class='ocrx_word' id='word_1_74' title='bbox 616 852 688 894; x_wconf 90' lang='lat' dir='ltr'><strong>est</strong></span> <span class='ocrx_word' id='word_1_75' title='bbox 717 850 884 894; x_wconf 91' lang='lat' dir='ltr'><strong>humor</strong></span> <span class='ocrx_word' id='word_1_76' title='bbox 921 849 1025 906; x_wconf 90' lang='lat' dir='ltr'><strong>ille,</strong></span> <span class='ocrx_word' id='word_1_77' title='bbox 1066 849 1148 904; x_wconf 90' lang='lat' dir='ltr'><strong>qui</strong></span> <span class='ocrx_word' id='word_1_78' title='bbox 1185 848 1405 893; x_wconf 88' lang='lat' dir='ltr'><strong>fomentis</strong></span> <span class='ocrx_word' id='word_1_79' title='bbox 1444 849 1699 906; x_wconf 89' lang='lat' dir='ltr'><strong>refovetur,</strong></span> <span class='ocrx_word' id='word_1_80' title='bbox 1741 863 1815 893; x_wconf 94' lang='lat' dir='ltr'><strong>co-</strong></span> 
     </span>
     <span class='ocr_line' id='line_1_18' title="bbox 130 915 1881 972; baseline 0.003 -14"><span class='ocrx_word' id='word_1_81' title='bbox 130 915 227 960; x_wconf 91' lang='lat' dir='ltr'><strong>lore</strong></span> <span class='ocrx_word' id='word_1_82' title='bbox 252 915 562 972; x_wconf 88' lang='lat' dir='ltr'><strong>cognoscitur,</strong></span> <span class='ocrx_word' id='word_1_83' title='bbox 595 918 724 960; x_wconf 90' lang='lat' dir='ltr'><strong>statu</strong></span> <span class='ocrx_word' id='word_1_84' title='bbox 747 917 946 972; x_wconf 89' lang='lat' dir='ltr'><strong>tenetur,</strong></span> <span class='ocrx_word' id='word_1_85' title='bbox 979 915 1315 959; x_wconf 88' lang='lat' dir='ltr'><strong>consuetudine</strong></span> <span class='ocrx_word' id='word_1_86' title='bbox 1339 915 1598 972; x_wconf 89' lang='lat' dir='ltr'><strong>roboratur,</strong></span> <span class='ocrx_word' id='word_1_87' title='bbox 1631 915 1813 960; x_wconf 90' lang='lat' dir='ltr'><strong>ratione</strong></span> <span class='ocrx_word' id='word_1_88' title='bbox 1838 931 1881 963; x_wconf 91' lang='lat'><strong>10</strong></span> 
     </span>
     <span class='ocr_line' id='line_1_19' title="bbox 129 974 1813 1039; baseline -0.001 -13"><span class='ocrx_word' id='word_1_89' title='bbox 129 983 430 1038; x_wconf 88' lang='lat' dir='ltr'><strong>temperatur,</strong></span> <span class='ocrx_word' id='word_1_90' title='bbox 470 982 687 1026; x_wconf 88' lang='lat' dir='ltr'><strong>custodia</strong></span> <span class='ocrx_word' id='word_1_91' title='bbox 726 981 917 1039; x_wconf 87' lang='lat' dir='ltr'><strong>regitur.</strong></span> <span class='ocrx_word' id='word_1_92' title='bbox 958 981 1085 1037; x_wconf 87' lang='lat' dir='ltr'><strong>quod</strong></span> <span class='ocrx_word' id='word_1_93' title='bbox 1123 981 1173 1023; x_wconf 91' lang='lat' dir='ltr'><strong>in</strong></span> <span class='ocrx_word' id='word_1_94' title='bbox 1213 995 1404 1037; x_wconf 88' lang='lat' dir='ltr'><strong>corpore</strong></span> <span class='ocrx_word' id='word_1_95' title='bbox 1434 983 1605 1026; x_wconf 87' lang='lat' dir='ltr'><strong>natura</strong></span> <span class='ocrx_word' id='word_1_96' title='bbox 1636 974 1813 1039; x_wconf 82' lang='lat' dir='ltr'><strong>intulit,</strong></span> 
     </span>
     <span class='ocr_line' id='line_1_20' title="bbox 129 1046 1815 1104; baseline -0.001 -12"><span class='ocrx_word' id='word_1_97' title='bbox 129 1051 300 1093; x_wconf 89' lang='lat' dir='ltr'><strong>natura</strong></span> <span class='ocrx_word' id='word_1_98' title='bbox 338 1047 571 1104; x_wconf 88' lang='lat' dir='ltr'><strong>condidit,</strong></span> <span class='ocrx_word' id='word_1_99' title='bbox 611 1048 860 1092; x_wconf 72' lang='lat' dir='ltr'><strong>maturitas</strong></span> <span class='ocrx_word' id='word_1_100' title='bbox 891 1048 1192 1104; x_wconf 89' lang='lat' dir='ltr'><strong>temperatur.</strong></span> <span class='ocrx_word' id='word_1_101' title='bbox 1232 1046 1310 1090; x_wconf 89' lang='lat' dir='ltr'><strong>hic</strong></span> <span class='ocrx_word' id='word_1_102' title='bbox 1348 1046 1449 1103; x_wconf 89' lang='lat' dir='ltr'><strong>ipse</strong></span> <span class='ocrx_word' id='word_1_103' title='bbox 1488 1049 1679 1090; x_wconf 90' lang='lat' dir='ltr'><strong>cautum</strong></span> <span class='ocrx_word' id='word_1_104' title='bbox 1714 1049 1815 1091; x_wconf 89' lang='lat' dir='ltr'><strong>tam</strong></span> 
     </span>
     <span class='ocr_line' id='line_1_21' title="bbox 131 1112 1814 1171; baseline -0.002 -13"><span class='ocrx_word' id='word_1_105' title='bbox 131 1115 211 1158; x_wconf 90' lang='lat' dir='ltr'><strong>diu</strong></span> <span class='ocrx_word' id='word_1_106' title='bbox 241 1114 292 1158; x_wconf 91' lang='lat' dir='ltr'><strong>in</strong></span> <span class='ocrx_word' id='word_1_107' title='bbox 320 1113 525 1171; x_wconf 89' lang='lat' dir='ltr'><strong>presidio</strong></span> <span class='ocrx_word' id='word_1_108' title='bbox 559 1128 700 1170; x_wconf 87' lang='lat' dir='ltr'><strong>quam</strong></span> <span class='ocrx_word' id='word_1_109' title='bbox 733 1113 813 1157; x_wconf 93' lang='lat' dir='ltr'><strong>diu</strong></span> <span class='ocrx_word' id='word_1_110' title='bbox 852 1113 902 1157; x_wconf 90' lang='lat' dir='ltr'><strong>in</strong></span> <span class='ocrx_word' id='word_1_111' title='bbox 942 1127 1019 1158; x_wconf 91' lang='lat' dir='ltr'><strong>ore</strong></span> <span class='ocrx_word' id='word_1_112' title='bbox 1059 1114 1319 1157; x_wconf 88' lang='lat' dir='ltr'><strong>correctum</strong></span> <span class='ocrx_word' id='word_1_113' title='bbox 1350 1112 1573 1156; x_wconf 89' lang='lat' dir='ltr'><strong>iniuriam</strong></span> <span class='ocrx_word' id='word_1_114' title='bbox 1604 1112 1731 1157; x_wconf 86' lang='lat' dir='ltr'><strong>visus</strong></span> <span class='ocrx_word' id='word_1_115' title='bbox 1764 1113 1814 1156; x_wconf 89' lang='lat' dir='ltr'><strong>in</strong></span> 
     </span>
     <span class='ocr_line' id='line_1_22' title="bbox 132 1179 1813 1237; baseline -0.001 -12"><span class='ocrx_word' id='word_1_116' title='bbox 132 1181 359 1226; x_wconf 90' lang='lat' dir='ltr'><strong>auxilium</strong></span> <span class='ocrx_word' id='word_1_117' title='bbox 397 1180 701 1237; x_wconf 83' lang='lat' dir='ltr'><strong>conspicitur,</strong></span> <span class='ocrx_word' id='word_1_118' title='bbox 740 1179 933 1224; x_wconf 91' lang='lat' dir='ltr'><strong>innoxia</strong></span> <span class='ocrx_word' id='word_1_119' title='bbox 971 1179 1215 1236; x_wconf 86' lang='lat' dir='ltr'><strong>generavit</strong></span> <span class='ocrx_word' id='word_1_120' title='bbox 1252 1179 1426 1236; x_wconf 87' lang='lat' dir='ltr'><strong>inusus,</strong></span> <span class='ocrx_word' id='word_1_121' title='bbox 1472 1179 1537 1223; x_wconf 89' lang='lat' dir='ltr'><strong>sic</strong></span> <span class='ocrx_word' id='word_1_122' title='bbox 1578 1182 1625 1223; x_wconf 90' lang='lat' dir='ltr'><strong>et</strong></span> <span class='ocrx_word' id='word_1_123' title='bbox 1661 1179 1813 1236; x_wconf 89' lang='lat' dir='ltr'><strong>petui-</strong></span> 
     </span>
     <span class='ocr_line' id='line_1_23' title="bbox 128 1245 1879 1302; baseline 0.002 -11"><span class='ocrx_word' id='word_1_124' title='bbox 128 1250 285 1291; x_wconf 89' lang='lat' dir='ltr'><strong>tatum</strong></span> <span class='ocrx_word' id='word_1_125' title='bbox 329 1246 609 1290; x_wconf 86' lang='lat' dir='ltr'><strong>necessitate</strong></span> <span class='ocrx_word' id='word_1_126' title='bbox 655 1245 811 1302; x_wconf 86' lang='lat' dir='ltr'><strong>potius</strong></span> <span class='ocrx_word' id='word_1_127' title='bbox 852 1260 993 1300; x_wconf 92' lang='lat' dir='ltr'><strong>quam</strong></span> <span class='ocrx_word' id='word_1_128' title='bbox 1035 1260 1177 1289; x_wconf 90' lang='lat' dir='ltr'><strong>causa</strong></span> <span class='ocrx_word' id='word_1_129' title='bbox 1225 1245 1421 1289; x_wconf 84' lang='lat' dir='ltr'><strong>dicimus</strong></span> <span class='ocrx_word' id='word_1_130' title='bbox 1469 1246 1674 1302; x_wconf 88' lang='lat' dir='ltr'><strong>corporis</strong></span> <span class='ocrx_word' id='word_1_131' title='bbox 1723 1245 1812 1290; x_wconf 88' lang='lat' dir='ltr'><strong>erit</strong></span> <span class='ocrx_word' id='word_1_132' title='bbox 1838 1261 1879 1294; x_wconf 87' lang='lat'><strong>15</strong></span> 
     </span>
     <span class='ocr_line' id='line_1_24' title="bbox 129 1311 1811 1369; baseline -0.002 -11"><span class='ocrx_word' id='word_1_133' title='bbox 129 1314 247 1358; x_wconf 86' lang='lat' dir='ltr'><strong>levis</strong></span> <span class='ocrx_word' id='word_1_134' title='bbox 279 1313 416 1357; x_wconf 89' lang='lat' dir='ltr'><strong>ratio.</strong></span> <span class='ocrx_word' id='word_1_135' title='bbox 447 1313 525 1356; x_wconf 91' lang='lat' dir='ltr'><strong>hic</strong></span> <span class='ocrx_word' id='word_1_136' title='bbox 556 1312 717 1368; x_wconf 91' lang='lat' dir='ltr'><strong>itaque</strong></span> <span class='ocrx_word' id='word_1_137' title='bbox 748 1312 799 1355; x_wconf 90' lang='lat' dir='ltr'><strong>in</strong></span> <span class='ocrx_word' id='word_1_138' title='bbox 830 1311 982 1355; x_wconf 87' lang='lat' dir='ltr'><strong>officio</strong></span> <span class='ocrx_word' id='word_1_139' title='bbox 1016 1312 1259 1369; x_wconf 86' lang='lat' dir='ltr'><strong>sanguinis</strong></span> <span class='ocrx_word' id='word_1_140' title='bbox 1293 1312 1497 1368; x_wconf 88' lang='lat' dir='ltr'><strong>corporis</strong></span> <span class='ocrx_word' id='word_1_141' title='bbox 1521 1313 1671 1356; x_wconf 90' lang='lat' dir='ltr'><strong>nostri</strong></span> <span class='ocrx_word' id='word_1_142' title='bbox 1703 1326 1811 1356; x_wconf 91' lang='lat' dir='ltr'><strong>con-</strong></span> 
     </span>
     <span class='ocr_line' id='line_1_25' title="bbox 132 1377 1811 1437; baseline -0.001 -14"><span class='ocrx_word' id='word_1_143' title='bbox 132 1379 275 1424; x_wconf 88' lang='lat' dir='ltr'><strong>sortio</strong></span> <span class='ocrx_word' id='word_1_144' title='bbox 317 1380 474 1424; x_wconf 90' lang='lat' dir='ltr'><strong>habet.</strong></span> <span class='ocrx_word' id='word_1_145' title='bbox 519 1378 734 1434; x_wconf 87' lang='lat' dir='ltr'><strong>quotiens</strong></span> <span class='ocrx_word' id='word_1_146' title='bbox 767 1377 961 1421; x_wconf 86' lang='lat' dir='ltr'><strong>offendit</strong></span> <span class='ocrx_word' id='word_1_147' title='bbox 999 1377 1124 1437; x_wconf 69' lang='lat' dir='ltr'><strong>lesus</strong></span> <span class='ocrx_word' id='word_1_148' title='bbox 1165 1380 1248 1421; x_wconf 84' lang='lat' dir='ltr'><strong>aut</strong></span> <span class='ocrx_word' id='word_1_149' title='bbox 1290 1378 1654 1434; x_wconf 88' lang='lat' dir='ltr'><strong>intemperantia</strong></span> <span class='ocrx_word' id='word_1_150' title='bbox 1691 1379 1811 1422; x_wconf 89' lang='lat' dir='ltr'><strong>bene</strong></span> 
     </span>
     <span class='ocr_line' id='line_1_26' title="bbox 132 1443 1811 1500; baseline -0.001 -11"><span class='ocrx_word' id='word_1_151' title='bbox 132 1445 400 1490; x_wconf 89' lang='lat' dir='ltr'><strong>stimulatus</strong></span> <span class='ocrx_word' id='word_1_152' title='bbox 432 1445 482 1488; x_wconf 89' lang='lat' dir='ltr'><strong>in</strong></span> <span class='ocrx_word' id='word_1_153' title='bbox 514 1459 655 1488; x_wconf 87' lang='lat' dir='ltr'><strong>causa</strong></span> <span class='ocrx_word' id='word_1_154' title='bbox 691 1443 1005 1499; x_wconf 85' lang='lat' dir='ltr'><strong>crudelitatis,</strong></span> <span class='ocrx_word' id='word_1_155' title='bbox 1050 1447 1385 1500; x_wconf 86' lang='lat' dir='ltr'><strong>exasperantur</strong></span> <span class='ocrx_word' id='word_1_156' title='bbox 1424 1444 1580 1488; x_wconf 89' lang='lat' dir='ltr'><strong>omnia</strong></span> <span class='ocrx_word' id='word_1_157' title='bbox 1611 1444 1811 1488; x_wconf 87' lang='lat' dir='ltr'><strong>materia</strong></span> 
     </span>
     <span class='ocr_line' id='line_1_27' title="bbox 129 1510 1811 1569; baseline -0.002 -13"><span class='ocrx_word' id='word_1_158' title='bbox 129 1514 392 1568; x_wconf 86' lang='lat' dir='ltr'><strong>prestantes</strong></span> <span class='ocrx_word' id='word_1_159' title='bbox 423 1511 497 1554; x_wconf 87' lang='lat' dir='ltr'><strong>his</strong></span> <span class='ocrx_word' id='word_1_160' title='bbox 530 1510 780 1566; x_wconf 85' lang='lat' dir='ltr'><strong>alimentis,</strong></span> <span class='ocrx_word' id='word_1_161' title='bbox 813 1525 903 1569; x_wconf 75' lang='lat' dir='ltr'><strong>que</strong></span> <span class='ocrx_word' id='word_1_162' title='bbox 933 1511 1087 1553; x_wconf 88' lang='lat' dir='ltr'><strong>totum</strong></span> <span class='ocrx_word' id='word_1_163' title='bbox 1109 1510 1249 1554; x_wconf 86' lang='lat' dir='ltr'><strong>facile</strong></span> <span class='ocrx_word' id='word_1_164' title='bbox 1272 1510 1481 1567; x_wconf 88' lang='lat' dir='ltr'><strong>pascitur</strong></span> <span class='ocrx_word' id='word_1_165' title='bbox 1512 1524 1677 1567; x_wconf 91' lang='lat' dir='ltr'><strong>corpus</strong></span> <span class='ocrx_word' id='word_1_166' title='bbox 1704 1511 1811 1554; x_wconf 92' lang='lat' dir='ltr'><strong>sub-</strong></span> 
     </span>
     <span class='ocr_line' id='line_1_28' title="bbox 131 1576 1877 1632; baseline 0 -10"><span class='ocrx_word' id='word_1_167' title='bbox 131 1579 243 1623; x_wconf 91' lang='lat' dir='ltr'><strong>ditis</strong></span> <span class='ocrx_word' id='word_1_168' title='bbox 274 1577 534 1622; x_wconf 86' lang='lat' dir='ltr'><strong>fervoribus</strong></span> <span class='ocrx_word' id='word_1_169' title='bbox 568 1576 840 1620; x_wconf 89' lang='lat' dir='ltr'><strong>confectam.</strong></span> <span class='ocrx_word' id='word_1_170' title='bbox 879 1589 987 1619; x_wconf 93' lang='lat' dir='ltr'><strong>mox</strong></span> <span class='ocrx_word' id='word_1_171' title='bbox 1018 1577 1067 1618; x_wconf 91' lang='lat' dir='ltr'><strong>et</strong></span> <span class='ocrx_word' id='word_1_172' title='bbox 1104 1576 1354 1620; x_wconf 91' lang='lat' dir='ltr'><strong>resolvitur</strong></span> <span class='ocrx_word' id='word_1_173' title='bbox 1393 1590 1580 1632; x_wconf 89' lang='lat' dir='ltr'><strong>corpus,</strong></span> <span class='ocrx_word' id='word_1_174' title='bbox 1625 1578 1672 1619; x_wconf 89' lang='lat' dir='ltr'><strong>et</strong></span> <span class='ocrx_word' id='word_1_175' title='bbox 1712 1589 1809 1619; x_wconf 90' lang='lat' dir='ltr'><strong>cor·</strong></span> <span class='ocrx_word' id='word_1_176' title='bbox 1834 1592 1877 1623; x_wconf 80' lang='lat'><strong>20</strong></span> 
     </span>
     <span class='ocr_line' id='line_1_29' title="bbox 129 1642 1810 1699; baseline -0.001 -12"><span class='ocrx_word' id='word_1_177' title='bbox 129 1647 308 1688; x_wconf 89' lang='lat' dir='ltr'><strong>rectum</strong></span> <span class='ocrx_word' id='word_1_178' title='bbox 339 1643 496 1687; x_wconf 90' lang='lat' dir='ltr'><strong>adicet</strong></span> <span class='ocrx_word' id='word_1_179' title='bbox 528 1642 739 1698; x_wconf 86' lang='lat' dir='ltr'><strong>exquiret</strong></span> <span class='ocrx_word' id='word_1_180' title='bbox 769 1642 1123 1699; x_wconf 89' lang='lat' dir='ltr'><strong>perpensionem</strong></span> <span class='ocrx_word' id='word_1_181' title='bbox 1154 1643 1204 1685; x_wconf 92' lang='lat' dir='ltr'><strong>in</strong></span> <span class='ocrx_word' id='word_1_182' title='bbox 1234 1642 1449 1699; x_wconf 84' lang='lat' dir='ltr'><strong>rigorem,</strong></span> <span class='ocrx_word' id='word_1_183' title='bbox 1483 1645 1530 1686; x_wconf 98' lang='grc'><strong>013</strong></span> <span class='ocrx_word' id='word_1_184' title='bbox 1555 1642 1736 1686; x_wconf 89' lang='lat' dir='ltr'><strong>cautior</strong></span> <span class='ocrx_word' id='word_1_185' title='bbox 1760 1643 1810 1685; x_wconf 89' lang='lat' dir='ltr'><strong>in</strong></span> 
     </span>
     <span class='ocr_line' id='line_1_30' title="bbox 131 1708 1811 1765; baseline -0.001 -12"><span class='ocrx_word' id='word_1_186' title='bbox 131 1709 283 1753; x_wconf 87' lang='lat' dir='ltr'><strong>calore</strong></span> <span class='ocrx_word' id='word_1_187' title='bbox 337 1722 586 1763; x_wconf 87' lang='lat' dir='ltr'><strong>rursusque</strong></span> <span class='ocrx_word' id='word_1_188' title='bbox 634 1710 871 1764; x_wconf 90' lang='lat' dir='ltr'><strong>correptus</strong></span> <span class='ocrx_word' id='word_1_189' title='bbox 916 1708 1109 1764; x_wconf 92' lang='lat' dir='ltr'><strong>inquam</strong></span> <span class='ocrx_word' id='word_1_190' title='bbox 1155 1709 1449 1765; x_wconf 89' lang='lat' dir='ltr'><strong>humoribus,</strong></span> <span class='ocrx_word' id='word_1_191' title='bbox 1493 1723 1576 1765; x_wconf 89' lang='lat' dir='ltr'><strong>per</strong></span> <span class='ocrx_word' id='word_1_192' title='bbox 1623 1709 1811 1752; x_wconf 88' lang='lat' dir='ltr'><strong>eosdem</strong></span> 
     </span>
     <span class='ocr_line' id='line_1_31' title="bbox 129 1774 1808 1832; baseline -0.001 -13"><span class='ocrx_word' id='word_1_193' title='bbox 129 1775 410 1820; x_wconf 89' lang='lat' dir='ltr'><strong>foraminum</strong></span> <span class='ocrx_word' id='word_1_194' title='bbox 432 1774 653 1818; x_wconf 92' lang='lat' dir='ltr'><strong>introitus</strong></span> <span class='ocrx_word' id='word_1_195' title='bbox 678 1774 824 1818; x_wconf 87' lang='lat' dir='ltr'><strong>fertur</strong></span> <span class='ocrx_word' id='word_1_196' title='bbox 848 1775 909 1818; x_wconf 91' lang='lat' dir='ltr'><strong>ad</strong></span> <span class='ocrx_word' id='word_1_197' title='bbox 934 1777 1100 1831; x_wconf 92' lang='lat' dir='ltr'><strong>cutem,</strong></span> <span class='ocrx_word' id='word_1_198' title='bbox 1127 1777 1174 1819; x_wconf 90' lang='lat' dir='ltr'><strong>et</strong></span> <span class='ocrx_word' id='word_1_199' title='bbox 1194 1789 1301 1819; x_wconf 94' lang='lat' dir='ltr'><strong>mox</strong></span> <span class='ocrx_word' id='word_1_200' title='bbox 1324 1775 1502 1832; x_wconf 85' lang='lat' dir='ltr'><strong>impetu</strong></span> <span class='ocrx_word' id='word_1_201' title='bbox 1528 1789 1609 1819; x_wconf 93' lang='grc'>8110</span> <span class='ocrx_word' id='word_1_202' title='bbox 1635 1774 1808 1819; x_wconf 85' lang='grc'>1301310118</span> 
     </span>
     <span class='ocr_line' id='line_1_32' title="bbox 130 1839 1808 1897; baseline -0.001 -12"><span class='ocrx_word' id='word_1_203' title='bbox 130 1840 418 1886; x_wconf 82' lang='lat' dir='ltr'><strong>exfervescit.</strong></span> <span class='ocrx_word' id='word_1_204' title='bbox 459 1839 568 1883; x_wconf 88' lang='lat' dir='ltr'><strong>hinc</strong></span> <span class='ocrx_word' id='word_1_205' title='bbox 607 1840 726 1884; x_wconf 89' lang='lat' dir='ltr'><strong>vitia</strong></span> <span class='ocrx_word' id='word_1_206' title='bbox 763 1840 882 1884; x_wconf 89' lang='lat' dir='ltr'><strong>fiunt</strong></span> <span class='ocrx_word' id='word_1_207' title='bbox 922 1841 1126 1897; x_wconf 91' lang='lat' dir='ltr'><strong>diversa,</strong></span> <span class='ocrx_word' id='word_1_208' title='bbox 1158 1841 1267 1885; x_wconf 90' lang='lat' dir='ltr'><strong>hinc</strong></span> <span class='ocrx_word' id='word_1_209' title='bbox 1300 1841 1504 1885; x_wconf 89' lang='lat' dir='ltr'><strong>asinatia</strong></span> <span class='ocrx_word' id='word_1_210' title='bbox 1537 1841 1808 1885; x_wconf 90' lang='lat' dir='ltr'><strong>adustiones</strong></span> 
     </span>
     <span class='ocr_line' id='line_1_33' title="bbox 129 1906 1875 1964; baseline 0.001 -13"><span class='ocrx_word' id='word_1_211' title='bbox 129 1907 286 1964; x_wconf 64' lang='lat' dir='ltr'><strong>scabie</strong></span> <span class='ocrx_word' id='word_1_212' title='bbox 320 1906 625 1950; x_wconf 86' lang='lat' dir='ltr'><strong>carbunculos</strong></span> <span class='ocrx_word' id='word_1_213' title='bbox 660 1906 782 1963; x_wconf 84' lang='lat' dir='ltr'><strong>ignis</strong></span> <span class='ocrx_word' id='word_1_214' title='bbox 816 1921 921 1950; x_wconf 91' lang='lat' dir='ltr'><strong>acer</strong></span> <span class='ocrx_word' id='word_1_215' title='bbox 950 1906 1132 1963; x_wconf 89' lang='lat' dir='ltr'><strong>pultule</strong></span> <span class='ocrx_word' id='word_1_216' title='bbox 1157 1907 1463 1964; x_wconf 87' lang='lat' dir='ltr'><strong>lippitudines</strong></span> <span class='ocrx_word' id='word_1_217' title='bbox 1489 1908 1807 1964; x_wconf 77' lang='lat' dir='ltr'><strong>superationes</strong></span> <span class='ocrx_word' id='word_1_218' title='bbox 1833 1922 1875 1954; x_wconf 82' lang='lat'><strong>25</strong></span> 
     </span>
     <span class='ocr_line' id='line_1_34' title="bbox 127 1971 1809 2034; baseline 0 -17"><span class='ocrx_word' id='word_1_219' title='bbox 127 1972 323 2031; x_wconf 83' lang='lat' dir='ltr'><strong>gravido</strong></span> <span class='ocrx_word' id='word_1_220' title='bbox 366 1971 699 2016; x_wconf 88' lang='lat' dir='ltr'><strong>distillationes</strong></span> <span class='ocrx_word' id='word_1_221' title='bbox 733 1973 898 2017; x_wconf 90' lang='lat' dir='ltr'><strong>aneliti</strong></span> <span class='ocrx_word' id='word_1_222' title='bbox 929 1973 1159 2029; x_wconf 87' lang='lat' dir='ltr'><strong>inpeticus</strong></span> <span class='ocrx_word' id='word_1_223' title='bbox 1192 1976 1239 2018; x_wconf 91' lang='lat' dir='ltr'><strong>et</strong></span> <span class='ocrx_word' id='word_1_224' title='bbox 1271 1974 1367 2018; x_wconf 88' lang='lat' dir='ltr'><strong>alia</strong></span> <span class='ocrx_word' id='word_1_225' title='bbox 1398 1973 1537 2030; x_wconf 87' lang='lat' dir='ltr'><strong>vitia,</strong></span> <span class='ocrx_word' id='word_1_226' title='bbox 1582 1989 1671 2034; x_wconf 67' lang='lat' dir='ltr'><strong>que</strong></span> <span class='ocrx_word' id='word_1_227' title='bbox 1705 1988 1809 2017; x_wconf 90' lang='lat' dir='ltr'><strong>cum</strong></span> 
     </span>
     <span class='ocr_line' id='line_1_35' title="bbox 129 2039 1807 2096; baseline 0.001 -13"><span class='ocrx_word' id='word_1_228' title='bbox 129 2039 349 2084; x_wconf 89' lang='lat' dir='ltr'><strong>strictura</strong></span> <span class='ocrx_word' id='word_1_229' title='bbox 380 2039 587 2083; x_wconf 89' lang='lat' dir='ltr'><strong>veniunt.</strong></span> <span class='ocrx_word' id='word_1_230' title='bbox 624 2039 789 2083; x_wconf 89' lang='lat' dir='ltr'><strong>humor</strong></span> <span class='ocrx_word' id='word_1_231' title='bbox 821 2053 929 2096; x_wconf 87' lang='lat' dir='ltr'><strong>ergo</strong></span> <span class='ocrx_word' id='word_1_232' title='bbox 961 2039 1083 2083; x_wconf 90' lang='lat' dir='ltr'><strong>vitat</strong></span> <span class='ocrx_word' id='word_1_233' title='bbox 1113 2040 1257 2096; x_wconf 91' lang='lat' dir='ltr'><strong>male,</strong></span> <span class='ocrx_word' id='word_1_234' title='bbox 1298 2040 1409 2095; x_wconf 91' lang='lat' dir='ltr'><strong>quia</strong></span> <span class='ocrx_word' id='word_1_235' title='bbox 1441 2054 1497 2083; x_wconf 93' lang='lat' dir='ltr'><strong>ex</strong></span> <span class='ocrx_word' id='word_1_236' title='bbox 1527 2040 1692 2083; x_wconf 91' lang='lat' dir='ltr'><strong>humor</strong></span> <span class='ocrx_word' id='word_1_237' title='bbox 1723 2043 1807 2084; x_wconf 91' lang='lat' dir='ltr'><strong>est.</strong></span> 
     </span>
     <span class='ocr_line' id='line_1_36' title="bbox 129 2105 1804 2163; baseline 0.001 -14"><span class='ocrx_word' id='word_1_238' title='bbox 129 2106 237 2149; x_wconf 89' lang='lat' dir='ltr'><strong>ideo</strong></span> <span class='ocrx_word' id='word_1_239' title='bbox 276 2119 359 2161; x_wconf 91' lang='lat' dir='ltr'><strong>per</strong></span> <span class='ocrx_word' id='word_1_240' title='bbox 397 2107 551 2148; x_wconf 93' lang='lat' dir='ltr'><strong>totum</strong></span> <span class='ocrx_word' id='word_1_241' title='bbox 591 2119 756 2161; x_wconf 86' lang='lat' dir='ltr'><strong>corpus</strong></span> <span class='ocrx_word' id='word_1_242' title='bbox 797 2108 887 2162; x_wconf 89' lang='lat' dir='ltr'><strong>est,</strong></span> <span class='ocrx_word' id='word_1_243' title='bbox 935 2105 1045 2160; x_wconf 90' lang='lat' dir='ltr'><strong>quia</strong></span> <span class='ocrx_word' id='word_1_244' title='bbox 1084 2106 1249 2149; x_wconf 91' lang='lat' dir='ltr'><strong>humor</strong></span> <span class='ocrx_word' id='word_1_245' title='bbox 1295 2108 1366 2149; x_wconf 88' lang='lat' dir='ltr'><strong>est</strong></span> <span class='ocrx_word' id='word_1_246' title='bbox 1402 2106 1548 2149; x_wconf 87' lang='lat' dir='ltr'><strong>totius</strong></span> <span class='ocrx_word' id='word_1_247' title='bbox 1587 2106 1804 2163; x_wconf 73' lang='lat' dir='ltr'><strong>corporis</strong></span> 
     </span>
     <span class='ocr_line' id='line_1_37' title="bbox 131 2170 1808 2228; baseline 0.001 -14"><span class='ocrx_word' id='word_1_248' title='bbox 131 2171 319 2226; x_wconf 90' lang='lat' dir='ltr'><strong>quando</strong></span> <span class='ocrx_word' id='word_1_249' title='bbox 350 2170 497 2226; x_wconf 87' lang='lat' dir='ltr'><strong>igitur</strong></span> <span class='ocrx_word' id='word_1_250' title='bbox 529 2170 764 2226; x_wconf 88' lang='lat' dir='ltr'><strong>aliquibus</strong></span> <span class='ocrx_word' id='word_1_251' title='bbox 796 2171 961 2215; x_wconf 88' lang='lat' dir='ltr'><strong>noxius</strong></span> <span class='ocrx_word' id='word_1_252' title='bbox 995 2174 1076 2215; x_wconf 89' lang='lat' dir='ltr'><strong>aut</strong></span> <span class='ocrx_word' id='word_1_253' title='bbox 1106 2171 1189 2215; x_wconf 92' lang='lat' dir='ltr'><strong>ubi</strong></span> <span class='ocrx_word' id='word_1_254' title='bbox 1221 2174 1291 2216; x_wconf 89' lang='lat' dir='ltr'><strong>est</strong></span> <span class='ocrx_word' id='word_1_255' title='bbox 1327 2171 1586 2228; x_wconf 90' lang='lat' dir='ltr'><strong>periculum</strong></span> <span class='ocrx_word' id='word_1_256' title='bbox 1623 2174 1808 2216; x_wconf 90' lang='lat' dir='ltr'><strong>tantum</strong></span> 
     </span>
     <span class='ocr_line' id='line_1_38' title="bbox 129 2235 1873 2293; baseline -0.001 -15"><span class='ocrx_word' id='word_1_257' title='bbox 129 2235 180 2279; x_wconf 91' lang='lat' dir='ltr'><strong>in</strong></span> <span class='ocrx_word' id='word_1_258' title='bbox 211 2235 601 2280; x_wconf 88' lang='lat' dir='ltr'><strong>distillationibus</strong></span> <span class='ocrx_word' id='word_1_259' title='bbox 632 2237 844 2281; x_wconf 89' lang='lat' dir='ltr'><strong>habetur.</strong></span> <span class='ocrx_word' id='word_1_260' title='bbox 886 2252 995 2280; x_wconf 90' lang='lat' dir='ltr'><strong>nam</strong></span> <span class='ocrx_word' id='word_1_261' title='bbox 1034 2251 1138 2281; x_wconf 89' lang='lat' dir='ltr'><strong>cum</strong></span> <span class='ocrx_word' id='word_1_262' title='bbox 1176 2237 1322 2293; x_wconf 90' lang='lat' dir='ltr'><strong>ipsius</strong></span> <span class='ocrx_word' id='word_1_263' title='bbox 1364 2237 1640 2281; x_wconf 89' lang='lat' dir='ltr'><strong>sacrimonio</strong></span> <span class='ocrx_word' id='word_1_264' title='bbox 1672 2237 1804 2282; x_wconf 89' lang='lat' dir='ltr'><strong>infia-</strong></span> <span class='ocrx_word' id='word_1_265' title='bbox 1829 2246 1873 2277; x_wconf 84' lang='lat'><strong>30</strong></span> 
     </span>
     <span class='ocr_line' id='line_1_39' title="bbox 130 2301 1805 2360; baseline 0.001 -15"><span class='ocrx_word' id='word_1_266' title='bbox 130 2303 286 2345; x_wconf 92' lang='lat' dir='ltr'><strong>matur</strong></span> <span class='ocrx_word' id='word_1_267' title='bbox 326 2301 464 2344; x_wconf 91' lang='lat' dir='ltr'><strong>simul</strong></span> <span class='ocrx_word' id='word_1_268' title='bbox 502 2302 674 2346; x_wconf 88' lang='lat' dir='ltr'><strong>toracis</strong></span> <span class='ocrx_word' id='word_1_269' title='bbox 712 2302 871 2358; x_wconf 92' lang='lat' dir='ltr'><strong>pulmo</strong></span> <span class='ocrx_word' id='word_1_270' title='bbox 917 2303 1290 2347; x_wconf 88' lang='lat' dir='ltr'><strong>membranorum</strong></span> <span class='ocrx_word' id='word_1_271' title='bbox 1330 2303 1563 2359; x_wconf 88' lang='lat' dir='ltr'><strong>principia</strong></span> <span class='ocrx_word' id='word_1_272' title='bbox 1602 2304 1805 2360; x_wconf 91' lang='lat' dir='ltr'><strong>corporis</strong></span> 
     </span>
     <span class='ocr_line' id='line_1_40' title="bbox 129 2367 1139 2424; baseline -0.001 -12"><span class='ocrx_word' id='word_1_273' title='bbox 129 2368 280 2413; x_wconf 91' lang='lat' dir='ltr'><strong>nostri</strong></span> <span class='ocrx_word' id='word_1_274' title='bbox 310 2367 518 2424; x_wconf 89' lang='lat' dir='ltr'><strong>partium</strong></span> <span class='ocrx_word' id='word_1_275' title='bbox 550 2368 892 2413; x_wconf 88' lang='lat' dir='ltr'><strong>dominantium</strong></span> <span class='ocrx_word' id='word_1_276' title='bbox 920 2369 1139 2413; x_wconf 90' lang='lat' dir='ltr'><strong>locorum</strong></span> 
     </span>
    </p>
   </div>
   <div class='ocr_carea' id='block_1_10' title="bbox 128 2486 1889 2955">
    <p class='ocr_par' dir='ltr' id='par_1_10' title="bbox 128 2486 1889 2955">
     <span class='ocr_line' id='line_1_41' title="bbox 249 2486 1806 2544; baseline 0.003 -16"><span class='ocrx_word' id='word_1_277' title='bbox 249 2490 274 2528; x_wconf 90' lang='lat'>5</span> <span class='ocrx_word' id='word_1_278' title='bbox 306 2487 370 2530; x_wconf 83' lang='lat' dir='ltr'><strong>sic</strong></span> <span class='ocrx_word' id='word_1_279' title='bbox 400 2487 495 2530; x_wconf 77' lang='lat' dir='ltr'><strong>iud.</strong></span> <span class='ocrx_word' id='word_1_280' title='bbox 522 2486 568 2529; x_wconf 91' lang='lat' dir='ltr'><em>P</em></span> <span class='ocrx_word' id='word_1_281' title='bbox 590 2488 689 2542; x_wconf 77' lang='lat' dir='ltr'><strong>(ubi</strong></span> <span class='ocrx_word' id='word_1_282' title='bbox 718 2501 802 2543; x_wconf 73' lang='lat' dir='ltr'><strong>seq.</strong></span> <span class='ocrx_word' id='word_1_283' title='bbox 835 2487 971 2531; x_wconf 78' lang='lat' dir='ltr'><strong>etiam</strong></span> <span class='ocrx_word' id='word_1_284' title='bbox 998 2500 1213 2531; x_wconf 80' lang='lat' dir='ltr'><strong>uumerus</strong></span> <span class='ocrx_word' id='word_1_285' title='bbox 1243 2487 1479 2531; x_wconf 91' lang='lat' dir='ltr'><strong>XXXVIII</strong></span> <span class='ocrx_word' id='word_1_286' title='bbox 1509 2490 1606 2532; x_wconf 79' lang='lat' dir='ltr'><strong>siue</strong></span> <span class='ocrx_word' id='word_1_287' title='bbox 1636 2489 1806 2544; x_wconf 77' lang='lat' dir='ltr'><strong>titulo),</strong></span> 
     </span>
     <span class='ocr_line' id='line_1_42' title="bbox 128 2543 1806 2603; baseline 0.002 -15"><span class='ocrx_word' id='word_1_288' title='bbox 128 2544 197 2588; x_wconf 89' lang='lat' dir='ltr'><strong>De</strong></span> <span class='ocrx_word' id='word_1_289' title='bbox 227 2544 459 2601; x_wconf 86' lang='lat' dir='ltr'><strong>petuitate</strong></span> <span class='ocrx_word' id='word_1_290' title='bbox 481 2543 536 2591; x_wconf 88' lang='lat' dir='ltr'><strong>G.</strong></span> <span class='ocrx_word' id='word_1_291' title='bbox 658 2549 713 2588; x_wconf 81' lang='lat'><strong>27</strong></span> <span class='ocrx_word' id='word_1_292' title='bbox 745 2559 801 2589; x_wconf 90' lang='lat' dir='ltr'><strong>ex</strong></span> <span class='ocrx_word' id='word_1_293' title='bbox 831 2545 996 2589; x_wconf 91' lang='lat' dir='ltr'><strong>humor</strong></span> <span class='ocrx_word' id='word_1_294' title='bbox 1027 2560 1051 2589; x_wconf 93' lang='lat' dir='ltr'><strong>e</strong></span> <span class='ocrx_word' id='word_1_295' title='bbox 1079 2545 1133 2590; x_wconf 93' lang='lat' dir='ltr'><strong>G.</strong></span> <span class='ocrx_word' id='word_1_296' title='bbox 1235 2547 1297 2590; x_wconf 80' lang='lat' dir='ltr'><strong>Iu</strong></span> <span class='ocrx_word' id='word_1_297' title='bbox 1324 2546 1366 2590; x_wconf 91' lang='lat' dir='ltr'><strong><em>G</em></strong></span> <span class='ocrx_word' id='word_1_298' title='bbox 1394 2552 1643 2603; x_wconf 67' lang='lat' dir='ltr'><strong>sequuntur</strong></span> <span class='ocrx_word' id='word_1_299' title='bbox 1670 2549 1806 2592; x_wconf 81' lang='lat' dir='ltr'><strong>verba</strong></span> 
     </span>
     <span class='ocr_line' id='line_1_43' title="bbox 132 2601 1889 2661; baseline 0.002 -14"><span class='ocrx_word' id='word_1_300' title='bbox 132 2602 350 2647; x_wconf 83' lang='lat' dir='ltr'><strong>Omnium</strong></span> <span class='ocrx_word' id='word_1_301' title='bbox 381 2605 539 2647; x_wconf 85' lang='lat' dir='ltr'><strong>autem</strong></span> <span class='ocrx_word' id='word_1_302' title='bbox 570 2602 856 2648; x_wconf 85' lang='lat' dir='ltr'><strong>infirmitatis</strong></span> <span class='ocrx_word' id='word_1_303' title='bbox 897 2604 1026 2661; x_wconf 85' lang='lat' dir='ltr'><strong>origo</strong></span> <span class='ocrx_word' id='word_1_304' title='bbox 1065 2603 1115 2647; x_wconf 89' lang='lat' dir='ltr'><strong>in</strong></span> <span class='ocrx_word' id='word_1_305' title='bbox 1155 2605 1393 2648; x_wconf 90' lang='lat' dir='ltr'><strong>stomacho</strong></span> <span class='ocrx_word' id='word_1_306' title='bbox 1425 2605 1605 2650; x_wconf 88' lang='lat' dir='ltr'><strong>incidit.</strong></span> <span class='ocrx_word' id='word_1_307' title='bbox 1645 2607 1805 2651; x_wconf 78' lang='lat' dir='ltr'><strong>deiude</strong></span> <span class='ocrx_word' id='word_1_308' title='bbox 1884 2601 1889 2607; x_wconf 71' lang='grc'><strong>”</strong></span> 
     </span>
     <span class='ocr_line' id='line_1_44' title="bbox 130 2662 1802 2729; baseline 0.001 -23"><span class='ocrx_word' id='word_1_309' title='bbox 130 2664 317 2707; x_wconf 76' lang='lat' dir='ltr'><strong>maiusc.</strong></span> <span class='ocrx_word' id='word_1_310' title='bbox 359 2663 443 2706; x_wconf 80' lang='lat' dir='ltr'><strong>litt.</strong></span> <span class='ocrx_word' id='word_1_311' title='bbox 483 2663 677 2729; x_wconf 74' lang='lat' dir='ltr'><strong>scriptae</strong></span> <span class='ocrx_word' id='word_1_312' title='bbox 706 2664 813 2707; x_wconf 82' lang='lat' dir='ltr'><strong>haec</strong></span> <span class='ocrx_word' id='word_1_313' title='bbox 858 2662 1076 2719; x_wconf 82' lang='lat' dir='ltr'><strong>Superius</strong></span> <span class='ocrx_word' id='word_1_314' title='bbox 1125 2662 1324 2707; x_wconf 90' lang='lat' dir='ltr'><strong>diximus</strong></span> <span class='ocrx_word' id='word_1_315' title='bbox 1365 2664 1421 2707; x_wconf 92' lang='lat' dir='ltr'><strong>de</strong></span> <span class='ocrx_word' id='word_1_316' title='bbox 1461 2666 1603 2720; x_wconf 91' lang='lat' dir='ltr'><strong>caput</strong></span> <span class='ocrx_word' id='word_1_317' title='bbox 1639 2667 1802 2721; x_wconf 86' lang='lat' dir='ltr'><strong>pectus</strong></span> 
     </span>
     <span class='ocr_line' id='line_1_45' title="bbox 131 2720 1800 2778; baseline 0.002 -13"><span class='ocrx_word' id='word_1_318' title='bbox 131 2723 295 2765; x_wconf 90' lang='lat' dir='ltr'><strong>venter</strong></span> <span class='ocrx_word' id='word_1_319' title='bbox 326 2722 467 2776; x_wconf 89' lang='lat' dir='ltr'><strong>atque</strong></span> <span class='ocrx_word' id='word_1_320' title='bbox 506 2720 679 2765; x_wconf 88' lang='lat' dir='ltr'><strong>vissica</strong></span> <span class='ocrx_word' id='word_1_321' title='bbox 717 2734 838 2764; x_wconf 90' lang='lat' dir='ltr'><strong>nunc</strong></span> <span class='ocrx_word' id='word_1_322' title='bbox 880 2721 1075 2765; x_wconf 90' lang='lat' dir='ltr'><strong>dicimus</strong></span> <span class='ocrx_word' id='word_1_323' title='bbox 1109 2722 1165 2765; x_wconf 90' lang='lat' dir='ltr'><strong>de</strong></span> <span class='ocrx_word' id='word_1_324' title='bbox 1210 2724 1364 2766; x_wconf 88' lang='lat' dir='ltr'><strong>cetera</strong></span> <span class='ocrx_word' id='word_1_325' title='bbox 1395 2737 1484 2778; x_wconf 91' lang='lat' dir='ltr'><strong>que</strong></span> <span class='ocrx_word' id='word_1_326' title='bbox 1516 2723 1800 2769; x_wconf 89' lang='lat' dir='ltr'><strong>obmisimus.</strong></span> 
     </span>
     <span class='ocr_line' id='line_1_46' title="bbox 130 2779 1804 2838; baseline 0.002 -15"><span class='ocrx_word' id='word_1_327' title='bbox 130 2783 161 2834; x_wconf 81' lang='lat'>†</span> <span class='ocrx_word' id='word_1_328' title='bbox 185 2779 254 2824; x_wconf 92' lang='lat' dir='ltr'><strong>De</strong></span> <span class='ocrx_word' id='word_1_329' title='bbox 287 2779 541 2826; x_wconf 89' lang='lat' dir='ltr'><strong>stomacho.</strong></span> <span class='ocrx_word' id='word_1_330' title='bbox 574 2782 736 2837; x_wconf 76' lang='lat' dir='ltr'><strong>quibus</strong></span> <span class='ocrx_word' id='word_1_331' title='bbox 757 2782 1024 2837; x_wconf 75' lang='lat' dir='ltr'><strong>supplentur</strong></span> <span class='ocrx_word' id='word_1_332' title='bbox 1054 2781 1263 2837; x_wconf 74' lang='lat' dir='ltr'><strong>epistolae</strong></span> <span class='ocrx_word' id='word_1_333' title='bbox 1289 2783 1359 2837; x_wconf 79' lang='lat' dir='ltr'><strong>(iu</strong></span> <span class='ocrx_word' id='word_1_334' title='bbox 1387 2783 1467 2827; x_wconf 81' lang='grc'>1100</span> <span class='ocrx_word' id='word_1_335' title='bbox 1496 2784 1658 2838; x_wconf 79' lang='lat' dir='ltr'><strong>codice,</strong></span> <span class='ocrx_word' id='word_1_336' title='bbox 1687 2785 1804 2828; x_wconf 79' lang='lat' dir='ltr'><strong>swut</strong></span> 
     </span>
     <span class='ocr_line' id='line_1_47' title="bbox 130 2839 1803 2898; baseline 0.004 -16"><span class='ocrx_word' id='word_1_337' title='bbox 130 2840 182 2882; x_wconf 78' lang='lat' dir='ltr'><strong>iu</strong></span> <span class='ocrx_word' id='word_1_338' title='bbox 203 2839 323 2895; x_wconf 66' lang='lat' dir='ltr'><strong>Ups„</strong></span> <span class='ocrx_word' id='word_1_339' title='bbox 341 2839 651 2895; x_wconf 74' lang='lat' dir='ltr'><strong>praecedentis</strong></span> <span class='ocrx_word' id='word_1_340' title='bbox 660 2853 709 2896; x_wconf 93' lang='lat' dir='ltr'><strong>p.</strong></span> <span class='ocrx_word' id='word_1_341' title='bbox 728 2843 815 2885; x_wconf 87' lang='lat'><strong>197</strong></span> <span class='ocrx_word' id='word_1_342' title='bbox 821 2842 966 2884; x_wconf 77' lang='lat'><strong><em>—201</em></strong></span> <span class='ocrx_word' id='word_1_343' title='bbox 962 2843 988 2896; x_wconf 89' lang='lat'><em>)</em></span> <span class='ocrx_word' id='word_1_344' title='bbox 1007 2854 1044 2897; x_wconf 77' lang='lat' dir='ltr'><strong>q.</strong></span> <span class='ocrx_word' id='word_1_345' title='bbox 1064 2841 1105 2885; x_wconf 77' lang='lat' dir='ltr'><strong>d.</strong></span> <span class='ocrx_word' id='word_1_346' title='bbox 1125 2840 1425 2898; x_wconf 77' lang='lat' dir='ltr'><strong>Hippocratis</strong></span> <span class='ocrx_word' id='word_1_347' title='bbox 1447 2843 1509 2886; x_wconf 84' lang='lat' dir='ltr'><strong>ad</strong></span> <span class='ocrx_word' id='word_1_348' title='bbox 1530 2843 1803 2888; x_wconf 72' lang='lat' dir='ltr'><strong>Antiochum</strong></span> 
     </span>
     <span class='ocr_line' id='line_1_48' title="bbox 131 2899 752 2955; baseline 0.002 -13"><span class='ocrx_word' id='word_1_349' title='bbox 131 2912 243 2955; x_wconf 79' lang='lat' dir='ltr'><strong>quae</strong></span> <span class='ocrx_word' id='word_1_350' title='bbox 259 2912 402 2954; x_wconf 82' lang='lat' dir='ltr'><strong>supra</strong></span> <span class='ocrx_word' id='word_1_351' title='bbox 425 2899 588 2942; x_wconf 80' lang='lat' dir='ltr'><strong>omissa</strong></span> <span class='ocrx_word' id='word_1_352' title='bbox 611 2904 752 2943; x_wconf 82' lang='lat' dir='ltr'><strong>eraut.</strong></span> 
     </span>
    </p>
   </div>
   <div class='ocr_carea' id='block_1_11' title="bbox 1448 3003 1534 3047">
    <p class='ocr_par' dir='ltr' id='par_1_11' title="bbox 1448 3003 1534 3047">
     <span class='ocr_line' id='line_1_49' title="bbox 1448 3003 1534 3047; baseline 0.012 -1"><span class='ocrx_word' id='word_1_353' title='bbox 1448 3003 1534 3047; x_wconf 82' lang='lat'><strong>31*</strong></span> 
     </span>
    </p>
   </div>
  </div>
 </body>
</html>
