1950 3172
186 141 261 197 20
703 142 1021 186 THEODORI
1047 138 1349 184 PBISGIANI

188 281 386 345 corpori
414 279 652 345 prodesse
684 281 823 344 prius
854 283 1103 344 poterunt,
1138 279 1288 327 etiam
1317 275 1583 343 particulis
1605 279 1726 329 haec
1759 284 1877 330 sunt
1913 272 1950 338 ἐς

188 354 431 404 adiutoria
478 353 722 403 socianda.
800 350 1079 401 euforbium
1123 353 1298 400 tritum
1337 367 1450 402 cum
1489 352 1596 402 oleo
1634 368 1725 418 pro
1764 352 1879 403 lini·
1936 344 1946 410 Ϊ

187 433 354 477 mento
380 427 714 492 adhibeamuS‚
747 431 830 474 aut
854 423 1018 474 oleum
1041 424 1290 475 laurinum
1316 424 1492 492 solum,
1523 432 1608 476 aut
1637 428 1879 476 nasturcii

189 516 359 552 semen
399 516 511 550 cum
551 500 673 565 ole0,
720 504 803 548 aut
842 497 1051 563 sulphur
1087 500 1253 549 vivum
1292 514 1405 549 cum
1445 501 1578 550 nitro
1619 499 1876 550 combusto
1948 558 1950 562 .

144 584 166 617 5
190 577 360 639 aequis
398 573 700 638 ponderibus
742 577 1040 638 cum.acet0‚
1079 578 1164 623 aut
1195 588 1371 623 erucae
1406 589 1576 623 semen
1608 589 1723 624 cum
1755 573 1876 624 oleo,

189 655 272 699 aut
316 649 502 697 ursinis
556 646 781 711 adipibus
832 647 1171 696 tantummodo
1220 647 1569 698 confricentur.
1646 647 1879 698 similiter

189 724 336 771 etiam
384 720 659 785 alcyonium
698 719 1013 770 combustum
1053 736 1166 770 cum
1205 726 1342 770 aceto
1381 721 1460 770 vel
1499 721 1666 771 cedria
1706 737 1878 787 opera-

187 796 335 844 bitur.
412 794 506 843 hoc
546 795 694 843 etiam
732 795 950 843 murium
982 795 1127 844 fimus
1161 810 1275 844 cum
1306 800 1460 862 acet0,
1499 795 1593 844 hoc
1626 795 1879 861 amygdala

189 884 374 935 amara,
413 868 506 916 hoc
547 883 694 932 cepae
733 870 878 917 tritae
920 884 1033 917 cum
1073 868 1196 935 0160,
1226 869 1321 919 hoc
1360 869 1518 918 rafani
1556 874 1726 919 cortex
1766 884 1879 919 cum

123 953 166 985 10
189 942 334 992 melle
368 943 577 991 contrita
612 942 742 991 facit.
819 958 934 991 nam
974 944 1123 991 etiam
1162 943 1283 991 ferri
1320 945 1547 1008 purgatio
1588 959 1701 992 cum
1741 948 1879 993 aceto

189 1016 266 1066 vel
311 1016 552 1065 hordeum
597 1016 909 1065 combustum
949 1032 1063 1066 cum
1109 1018 1326 1066 murium
1373 1018 1489 1066 fimo
1529 1022 1579 1065 et
1618 1022 1755 1066 aceto
1796 1033 1880 1066 cu-

190 1106 300 1139 rare
356 1096 532 1155 potest.
612 1105 783 1139 omnes
835 1090 1170 1148 confectiones
1219 1106 1344 1155 quae
1390 1091 1708 1140 mediocriter
1755 1090 1882 1140 cale-

190 1165 352 1214 facere
405 1165 620 1229 possint,
674 1164 1009 1213 mediocribus
1066 1170 1115 1213 et
1161 1163 1533 1214 delicatioribus
1591 1164 1882 1230 corporibus

191 1237 493 1287 adhibendae
543 1243 671 1294 sunt.
748 1240 889 1303 prius
937 1244 1152 1287 attamen
1205 1238 1312 1288 loca
1366 1237 1569 1288 linteolo
1617 1254 1775 1303 usque
1823 1238 1884 1287 ad

126 1305 166 1354 15>
191 1311 423 1361 ruborem
479 1317 589 1360 ante
647 1327 817 1361 curam
869 1312 1183 1362 confricanda
1231 1318 1398 1379 erunt,
1453 1312 1774 1362 mediocriter
1819 1328 1883 1361 ne

190 1386 523 1435 vulnerentur.
602 1401 727 1450 quae
777 1389 821 1435 si
865 1386 1270 1453 vulnerabuntur,
1317 1386 1425 1435 oleo
1473 1401 1618 1435 roseo
1658 1386 1735 1435 vel
1782 1387 1885 1435 adi-

191 1460 335 1524 pibus
376 1461 620 1509 anserinis
659 1460 934 1509 recuranda
974 1466 1132 1510 erunt.

312 1622 334 1660 1
367 1617 496 1673 prius
521 1616 913 1674 poteruntz'prius
936 1618 1189 1674 potuerant
1204 1618 1264 1674 B,
1288 1617 1393 1674 plus
1410 1617 1633 1675 poterunt
1651 1617 1747 1663 Get.
1765 1618 1887 1674 (pro-

192 1676 350 1720 banda
383 1677 491 1720 sunt
524 1678 562 1733 b,
597 1677 902 1733 comprobata
934 1678 1043 1720 sunt
1073 1678 1128 1733 r).
1252 1675 1396 1720 etiam
1426 1674 1672 1733 particulis
1705 1690 1788 1721 om.
1815 1677 1885 1722 br.

194 1755 218 1793 2
250 1749 415 1794 tritum
440 1751 500 1796 br
519 1750 637 1796 aea:
672 1751 831 1794 autem
855 1751 971 1807 (aut)
995 1750 1160 1794 tritum
1184 1751 1242 1795 Β.
1445 1758 1451 1761 “
1485 1749 1782 1794 linimentum
1805 1751 1886 1795 ad-

192 1808 331 1853 hibeo
365 1811 435 1854 br.
560 1813 586 1852 3
618 1808 854 1853 laurinam
887 1809 1038 1853 solum
1069 1811 1127 1854 br
1161 1809 1279 1855 Get:
1321 1808 1472 1853 solum
1503 1809 1738 1854 laurinum
1768 1812 1827 1856 Β.

196 1869 278 1911 aut
310 1869 463 1925 (nast.)
495 1869 570 1914 hic
601 1874 643 1915 et
673 1870 726 1913 in
755 1882 868 1926 seqq.
903 1883 985 1914 om.
1020 1869 1089 1913 br.
1183 1873 1211 1912 4
1235 1868 1478 1912 combusto
1503 1869 1549 1912 Β
1569 1869 1689 1914 Θεῐ.;
1724 1870 1832 1912 —tsi
1862 1870 1886 1914 b

196 1927 463 1983 (commixto
495 1929 550 1985 r).
717 1930 742 1970 5
776 1929 899 1984 (cum
930 1928 1080 1984 aceto)
1113 1926 1366 1971 contritum
1395 1928 1501 1972 add.
1537 1929 1608 1972 br.
1732 1941 1890 1972 semen

196 1988 255 2031 br
276 1987 391 2031 Gcl.:
428 1986 602 2031 semine
626 1987 686 2032 Β.
810 1991 835 2030 6
862 1986 1175 2031 confricentur
1206 1987 1269 2042 (—
1283 1987 1453 2043 gentur
1476 1987 1539 2043 B)
1564 1986 1611 2030 B
1620 2001 1666 2032 r:
1701 1988 1891 2031 —cetur

196 2046 221 2089 b
242 2045 337 2090 Gel.
521 2051 546 2090 8
578 2046 668 2089 hoc
701 2045 845 2089 etiam
876 2047 946 2103 (ut
974 2051 1017 2091 et
1047 2047 1100 2090 in
1129 2059 1242 2102 seqq.
1276 2045 1378 2101 hoc,
1408 2051 1595 2102 praeter
1624 2060 1770 2091 unum
1801 2045 1890 2089 hoc

199 2103 440 2161 amigdala
473 2119 560 2149 am.
595 2107 637 2161 b)
670 2119 753 2150 om.
779 2107 877 2150 box·
965 2106 1087 2161 (item
1112 2106 1183 2161 11)
1207 2103 1409 2147 murium
1433 2105 1568 2150 Bbr:
1604 2119 1765 2149 -rum
1793 2104 1890 2150 Get.

199 2168 224 2207 8
258 2176 369 2219 cepe
399 2163 515 2207 tritu
546 2165 592 2208 Β
625 2166 784 2221 (cepae
814 2163 957 2208 tritae
992 2164 1127 2220 Gel.):
1163 2176 1277 2220 cepa
1306 2162 1422 2207 trita
1454 2165 1524 2208 br.
1694 2168 1751 2210 10
1784 2177 1890 2208 6011-

196 2221 311 2265 trita
341 2223 420 2267 Br
440 2223 560 2268 Gel.:
595 2225 728 2267 —tus
761 2225 800 2269 b.
920 2221 1050 2268 facit.
1082 2235 1194 2266 nam
1225 2221 1370 2266 etiam
1401 2237 1482 2267 om.
1518 2224 1590 2267 br.
1646 2230 1650 2234 '
1713 2227 1782 2266 ‘11
1816 2222 1894 2268 vel

197 2281 244 2324 Β
256 2300 265 2326 :
300 2280 366 2324 616
401 2282 510 2337 Gel„
545 2296 627 2328 om.
662 2285 733 2328 br.
890 2295 1052 2326 curare
1082 2297 1127 2339 p.
1164 2282 1283 2327 θεῖα
1317 2281 1493 2325 siccare
1522 2296 1566 2338 p.
1603 2282 1648 2325 Β
1680 2282 1768 2338 (om
1799 2283 1887 2338 br).

197 2346 448 2396 sequuntur
479 2343 632 2387 aliena
663 2343 761 2387 alia
791 2344 844 2386 in
875 2343 978 2387 ber.
1090 2345 1143 2384 12
1177 2354 1336 2384 omnes
1355 2340 1682 2385 ‘confectiones
1714 2341 1889 2386 Baet:

199 2398 355 2442 omnia
381 2402 470 2445 bre
487 2401 585 2457 (qui
606 2402 716 2447 haec
740 2399 897 2444 omnia
924 2438 931 2445 .
1027 2398 1296 2444 adhibenda
1321 2401 1430 2443 sunt
1451 2401 1618 2445 habent
1633 2405 1740 2457 post
1761 2399 1890 2456 prius

202 2495 238 2502 ..
269 2495 276 2502 .
309 2457 640 2516 vulnerentur).
737 2464 791 2503 13
823 2459 1007 2516 possint
1026 2460 1143 2504 Get:
1176 2460 1375 2516 possunt
1405 2460 1498 2504 ΒΥ.
1590 2463 1649 2502 14
1681 2460 1892 2503 attamen

202 2517 298 2562 Gel.
330 2532 356 2562 r
387 2520 564 2574 (tamen
596 2521 659 2575 b):
693 2532 802 2576 ergo
834 2519 893 2563 Β.
1045 2517 1253 2562 linteolis
1286 2520 1356 2564 br.
1501 2521 1555 2561 15
1588 2519 1699 2562 ante
1731 2531 1892 2562 curam

200 2589 283 2619 om.
310 2577 381 2620 br.
477 2577 779 2623 confricanda
810 2579 947 2622 erunt
973 2578 1057 2624 Get
1088 2580 1167 2623 br:
1200 2576 1513 2622 confricantur
1536 2577 1582 2620 Β
1691 2580 1745 2620 16
1771 2589 1892 2632 quae

202 2632 243 2675 61
273 2634 318 2676 Β
345 2636 480 2689 (quae
516 2637 651 2694 Gel.):
687 2638 812 2693 quod
845 2636 884 2681 61
917 2638 997 2694 br,
1029 2638 1110 2694 qui
1139 2638 1209 2681 ita
1238 2637 1404 2682 habent
1443 2636 1576 2689 Quod
1607 2634 1648 2679 61
1679 2649 1736 2679 ex
1768 2649 1894 2680 acre-

203 2690 311 2735 dine
344 2693 622 2750 (egritudine
654 2698 693 2752 r)
734 2698 876 2753 caput
914 2695 1056 2740 fuerit
1093 2695 1401 2741 vulneratum.
1444 2696 1528 2739 aut
1557 2708 1615 2739 ex
1644 2694 1892 2738 fricatione

202 2748 399 2794 linteoli.
490 2753 598 2798 haec
621 2756 757 2811 (quae
783 2755 1035 2812 si—erunt)
1061 2769 1143 2800 om.
1177 2770 1211 2800 6.
1308 2759 1360 2798 17
1381 2754 1643 2798 recuranda
1674 2755 1809 2798 erunt
1830 2753 1892 2810 B,

204 2807 411 2852 curanda
444 2812 552 2853 sunt
577 2812 693 2857 Gel.:
726 2814 1035 2858 recurandum
1066 2814 1156 2858 erit
1184 2829 1222 2870 r,
1255 2813 1511 2858 curandum
1544 2814 1616 2858 est
1647 2814 1685 2858 b.
