1950 3172
211 130 322 186 272
427 169 431 172 .
601 110 640 115 ”
764 101 1342 199 Psnuno-'muonosst

212 265 460 323 purgabis,
493 258 546 309 et’
578 263 748 308 lotium
785 263 984 320 virginis
1021 263 1158 321 pueri
1186 262 1374 320 init-ito,
1411 265 1582 320 postea
1619 263 1732 309 lana
1770 264 1908 309 obtu»

213 331 355 376 rabis.
416 330 567 388 ruptis
600 329 793 374 auribus
826 329 1017 374 ovinum
1054 329 1120 374 fel
1159 344 1277 374 cum.
1295 329 1422 375 lacte
1453 330 1664 375 mulieris
1693 325 1917 388 tepidum

213 397 392 442 inicito.
448 396 655 441 sonitum
693 398 742 440 et
772 395 1008 440 tinnitum
1045 395 1230 440 aurium
1269 396 1465 441 discutit
1494 396 1672 442 nitrum
1709 410 1767 442 ex
1795 396 1914 448 vino,

215 463 462 520 liquatum.
511 462 602 507 hoc
634 464 683 508 et
707 461 972 520 purulentis
1005 462 1197 507 auribus
1235 463 1461 507 medetur.
1479 465 1530 507 et
1543 477 1707 523 supra.
1733 462 1910 523 scripta

169 545 191 577 5
214 529 334 574 vitia
373 531 523 592 sanat.
588 528 784 584 ovillum
825 528 891 574 fel
930 543 1036 574 cum
1079 529 1220 574 melle
1251 529 1474 586 vtepidum
1517 528 1744 574 iniectum
1781 529 1910 574 idem

209 597 438 653 praestat.
502 597 551 640 et
595 595 711 640 nitri
742 594 876 640 triti·
898 595 1055 653 pulvis
1101 595 1336 640 immissus
1382 610 1563 641 vermes
1611 596 1669 640 de
1714 595 1908 640 auribus

215 663 367 706 necat.
417 661 569 706 saliva
591 662 795 709 hominis
821 661 1006 707 stillata
1030 662 1280 722 similiter.v
1309 656 1506 707 herbam
1527 662 1835 720 parietariam
1857 662 1909 706 in

216 742 340 784 aqua
373 729 604 784 decoques
637 729 700 773 ad
730 728 919 786 tertiaS‚
960 731 1009 773 et
1047 743 1158 774 suco
1199 729 1298 774 eius
1337 729 1504 788 tepido
1534 729 1716 774 stillato
1749 743 1908 775 omnes

215 808 395 858 vermes
426 794 704 852 moriuntur,
745 797 793 840 et
825 795 893 840 sic
918 796 976 840 de
1001 796 1194 840 auribus
1220 797 1405 842 cadent.
1454 796 1658 840 cannabi
1688 795 1910 840 foliorum

132 914 135 916 ,
150 877 192 908 10
216 874 352 904 sucus
399 860 588 917 tepidus
636 861 897 906 instillatus
938 862 1122 907 aurium
1169 876 1349 916 vermes
1398 865 1482 907 aut
1529 863 1569 906 si
1615 862 1731 920 quid
1777 861 1909 907 aliud.

146 920 163 936 ⁶
215 926 358 971 fuerit
390 926 578 972 occidit.

332 1008 458 1039 nunc
486 1008 572 1052 seq.
593 995 731 1051 (quod
754 995 807 1039 in
836 1001 965 1040 teaetu
994 996 1224 1041 Theodori
1247 1000 1309 1041 21
1334 998 1467 1053 extr.)
1497 994 1706 1039 Bubulas
1745 1008 1908 1039 carnes

216 1060 498 1104 carbonibus
532 1061 835 1118 superponito
860 1064 917 1119 (b,
949 1062 1010 1106 Et
1037 1061 1267 1106 bubulam
1290 1076 1478 1106 carnem
1505 1057 1725 1106 carnibus
1751 1072 1909 1118 super-

214 1126 377 1183 ponito
409 1129 450 1184 r)
481 1154 541 1159 —
570 1127 785 1185 tepidum
829 1128 1099 1187 frequenter
1143 1128 1396 1188 infundis„
1421 1130 1581 1174 deinde
1614 1131 1691 1184 (21
1725 1129 1811 1183 in.)
1843 1142 1915 1173 ‹se-⁴

152 1208 193 1240 15
217 1194 374 1250 quitur
405 1192 454 1237 Si
487 1193 650 1238 audire
681 1194 863 1239 tardius
889 1195 1123 1252 ceperit..
1145 1232 1153 1241 .
1179 1195 1310 1252 prius
1341 1197 1502 1239 tamen
1531 1193 1909 1252 procurationem

139 1278 142 1281 ⁴
216 1259 406 1317 ventris.
471 1262 519 1304 et
550 1261 756 1318 corporis
787 1261 1123 1318 purgacionem
1161 1262 1359 1306 facimus
1393 1264 1456 1318 (b,
1499 1261 1628 1319 prius
1669 1260 1795 1309 enim
1823 1274 1908 1318 pro

215 1325 496 1383 purgatione
528 1327 706 1372 ventris
739 1330 787 1372 et
818 1326 1023 1385 corporis
1047 1327 1384 1385 purgacionem
1413 1327 1610 1372 facimus
1634 1330 1690 1385 r).-
1772 1366 1776 1368 ,

444 1421 571 1482 'Item
601 1426 664 1469 ad
685 1425 728 1479 I,
751 1428 782 1468 8
807 1427 903 1481 (21)
937 1414 1062 1481 (posi
1090 1425 1427 1482 purgacionem
1457 1424 1684 1482 facimus).

335 1488 541 1532 Auribus
573 1503 683 1534 vero
714 1488 947 1535 >absinthii
980 1506 1141 1535 sucum
1173 1493 1257 1535 aut
1289 1491 1594 1549 cynoglossae
1634 1505 1740 1535 cum
1769 1506 1908 1548 passo

152 1570 194 1602 20
219 1556 267 1598 et
291 1554 393 1600 oleo
418 1556 581 1613 tepido
607 1557 855 1603 stillamus.
904 1558 1020 1603 mire
1043 1557 1215 1604 vitium
1239 1560 1389 1603 sanat.
1435 1557 1503 1602 sic
1524 1560 1724 1614 nepetae
1749 1573 1908 1615 sucum

217 1621 485 1677 frequenter
515 1623 734 1681 infundo,
776 1627 824 1669 et
856 1625 955 1670 eius
989 1625 1142 1669 siccae
1172 1625 1415 1682 pulverem
1443 1639 1527 1682 per
1558 1624 1810 1668 cannulam
1839 1625 1909 1669 in-

219 1688 367 1734 sufflo.
418 1689 484 1733 sic
508 1704 720 1735 rosarum
744 1706 881 1736 sucus
913 1706 1019 1736 cum
1049 1692 1204 1748 melle,
1237 1691 1303 1735 sic
1329 1691 1514 1749 origani
1545 1706 1680 1736 sucus
1705 1691 1909 1748 tepidus,

219 1754 284 1799 sic
315 1755 492 1801 nitrum
522 1757 573 1801 in
604 1760 738 1802 aceto
770 1758 1051 1816 resolutum,
1084 1758 1151 1803 sic
1181 1758 1422 1802 taurinum
1453 1760 1537 1803 aut
1566 1757 1797 1802 bubulum
1828 1760 1911 1802 aut

218 1822 461 1878 caprinum
501 1826 584 1868 aut
621 1824 867 1881 porcinum
903 1825 969 1870 fel
1007 1840 1113 1870 cum
1151 1824 1255 1873 oleQ
1302 1838 1435 1869 roseo
1473 1824 1550 1869 vel
1588 1824 1794 1881 laurino,
1843 1824 1909 1869 sic

153 1902 194 1933 25
218 1889 487 1935 rafanorum
519 1905 655 1942 sucus
688 1891 877 1949 tepidus
910 1892 1102 1936 auribus
1121 1891 1339 1936 inicitur.
1389 1891 1430 1935 si
1454 1891 1638 1947 aliquid.
1667 1891 1719 1934 in
1750 1904 1911 1935 aurem

216 1954 472 2013 introierit,
513 1957 707 2002 alterius
745 1958 894 2016 partis
927 1959 1097 2016 pedem
1136 1957 1397 2002 excalceari
1428 1957 1574 2002 facies
1607 1960 1655 2002 et
1686 1959 1829 2014 caput
1859 1957 1911 2001 in

338 2108 359 2146 1
401 2099 626 2161 purgabit
658 2107 696 2150 b.
881 2105 1055 2150 Iocium
1087 2107 1132 2152 b:
1173 2106 1350 2150 lucium
1379 2120 1417 2151 r.
1457 2107 1513 2161 cf.
1546 2104 1679 2162 pueri
1718 2104 1908 2162 inpubis

218 2161 368 2206 Marc.
389 2178 437 2219 p.
465 2168 570 2219 104,
595 2167 656 2210 30
687 2171 729 2210 et
757 2165 899 2222 pueri·
922 2165 1119 2209 investis
1137 2180 1187 2222 p.
1214 2169 1289 2220 96,
1313 2170 1354 2210 1.
1540 2163 1755 2221 tepidum
1786 2166 1909 2221 (post

158 2250 161 2252 -
216 2220 367 2278 pueri)
398 2223 503 2267 add.
536 2238 573 2268 r.
712 2226 760 2269 et
793 2225 850 2268 de
881 2224 993 2268 lana
1025 2226 1248 2281 opturatfl
1281 2226 1387 2281 (pro
1420 2225 1546 2280 —,to)
1569 2238 1607 2268 r.
1751 2228 1777 2267 2
1812 2222 1909 2267 ovi-

217 2291 330 2323 num
362 2281 422 2325 bt
442 2281 639 2326 ovillum
669 2298 706 2328 r.
873 2284 1034 2340 tepido
1068 2285 1106 2337 b.
1274 2288 1301 2327 3
1333 2284 1388 2339 εἴ.
1423 2283 1499 2327 Ps.
1533 2283 1662 2327 Ptin.
1689 2297 1739 2338 p.
1765 2286 1840 2337 19,
1863 2286 1906 2327 2.

218 2344 247 2382 4
278 2341 525 2385 et—-sanat
554 2357 600 2387 r:
634 2357 715 2387 om.
750 2344 789 2387 b.
890 2348 915 2386 5
949 2344 997 2386 et
1028 2342 1223 2387 ovillum
1254 2357 1291 2387 r.
1386 2348 1410 2386 7
1445 2341 1664 2385 similiter
1688 2343 1735 2386 b:
1761 2349 1843 2386 om.
1869 2357 1906 2386 r.

217 2397 495 2454 paritariam
527 2403 597 2446 br.
773 2406 800 2446 8
833 2406 945 2445 suci—1
976 2401 1142 2458 tepidi-1
1174 2403 1273 2458 (om.
1307 2400 1424 2458 eius)
1455 2416 1492 2446 r.
1647 2404 1673 2444 9
1707 2400 1909 2444 cannabi

221 2462 484 2515 (utsupra)
519 2461 565 2505 b:
599 2460 791 2517 canapis
824 2477 861 2506 r.
984 2460 1204 2505 foliarum
1237 2462 1529 2517 (antecorr.)
1557 2461 1622 2504 b.·
1720 2463 1775 2503 10
1807 2457 1909 2503 stil-

218 2515 343 2559 latus
367 2532 405 2562 r.
512 2519 799 2564 aut—fuerit
823 2522 869 2565 b:
902 2522 1022 2565 inber
1047 2521 1126 2565 lin.
1152 2521 1301 2576 suppl:
1327 2534 1363 2564 r.
1397 2520 1454 2574 cf.
1473 2519 1624 2563 Marc.
1643 2532 1693 2575 p.
1712 2521 1817 2573 102,
1834 2521 1906 2562 15.

194 2580 273 2618 ,11
309 2576 483 2620 occidit
514 2579 559 2623 b:
595 2579 652 2623 de
676 2578 868 2623 auribus
897 2581 1037 2624 necat
1066 2580 1151 2632 (sic
1181 2580 1285 2634 del.)
1321 2577 1495 2634 occidit
1524 2592 1562 2623 r.
1739 2581 1792 2620 19
1826 2577 1943 2625 ab·-

221 2641 385 2684 sinthii
416 2642 561 2702 herbe
591 2660 629 2690 r.
722 2645 985 2702 cinoglosse
1017 2647 1090 2701 br,
1190 2650 1247 2689 20
1279 2646 1418 2689 sanat
1449 2646 1495 2689 b:
1530 2643 1751 2688 emendat
1780 2657 1816 2688 r.

219 2699 379 2765 nepite
414 2703 516 2757 (sic)
548 2705 618 2748 br.
751 2709 825 2748 —21
860 2704 1100 2748 insufflato
1131 2719 1188 2749 r..
1271 2736 1274 2739 -
1324 2708 1381 2747 22
1415 2717 1576 2747 sucum
1607 2704 1719 2759 (etc.)
1744 2739 1752 2747 .
1774 2739 1782 2747 .
1803 2704 1907 2759 .(25)

134 2792 138 2795 .
221 2760 385 2801 1n1cito
417 2774 451 2804 r.
581 2767 637 2805 23
671 2764 727 2818 cf.
760 2765 907 2821 ipsius
939 2763 1168 2808 Theodori
1197 2774 1311 2820 quae
1341 2763 1395 2807 in
1425 2768 1552 2807 textu
1580 2775 1616 2807 s.
1639 2764 1717 2807 21.
1838 2773 1908 2805 re-

224 2815 427 2859 solutum
458 2833 501 2863 r:
535 2833 618 2864 om.
652 2823 691 2866 b.
814 2824 862 2866 et
893 2822 1004 2867 bub.
1037 2821 1114 2866 vel
1146 2835 1269 2878 capr.
1305 2835 1389 2866 seu
1417 2834 1544 2878 porc.
1575 2835 1613 2866 r.
1738 2823 1796 2863 25
1827 2821 1910 2864 hoc

221 2887 277 2918 ex
299 2875 392 2918 alio
416 2877 523 2921 aliis
544 2881 691 2923 verbis
714 2887 898 2926 auctore
920 2883 1053 2926 habet
1067 2880 1218 2926 Marc.
1239 2895 1286 2938 p.
1299 2883 1405 2936 105,
1430 2883 1460 2925 5
1481 2881 1576 2925 scil.
1602 2893 1659 2925 ex
1678 2875 1755 2924 Ps.
1775 2879 1904 2923 -sz

215 2947 264 2989 p.
290 2936 364 2988 19,
389 2937 459 2978 15.
584 2942 639 2980 26
672 2938 922 2995 excalciari
955 2941 1026 2985 br.
