1988 3184
734 117 1184 160 ADDITAMENTA.
1691 114 1800 167 333

42 222 59 285 ,Α
116 249 379 310 agrestium
421 247 557 306 potui
605 247 716 292 dato
762 246 1011 291 iuvenibus
1065 250 1227 304 cyatos
1265 247 1354 291 IIII
1387 283 1396 292 .
1425 285 1433 293 .
1462 283 1471 291 .
1512 261 1618 291 cum
1661 246 1802 291 melle

31 326 45 370 Ἀ
118 318 284 372 cyatos
322 315 525 359 minores
551 314 637 366 111,
668 313 839 357 mirum
869 316 954 358 est.
1002 313 1100 370 apii
1138 314 1328 358 seminis
1360 313 1463 358 triti
1503 313 1735 358 coclearia
1758 314 1803 357 II

121 381 244 439 ligas
276 381 327 425 in
355 381 526 436 linteo,
559 383 606 424 et
635 380 861 437 graminis
894 379 1095 424 radicis.
1117 379 1324 424 ..mittis
1358 379 1496 423 simul
1527 379 1578 423 in
1608 393 1804 423 cucuma

119 448 278 504 fictile,
311 449 360 492 et
391 461 446 492 ex
472 461 595 503 aqua
621 447 863 490 decoctum
885 446 1020 503 potui
1052 446 1177 501 dato,
1213 448 1260 489 et
1284 445 1700 501 quotienscumque
1731 446 1803 489 bi-

120 513 231 557 bere
262 512 509 557 voluerint.
552 512 785 569 paulatim
822 512 1102 568 hydropicos
1140 512 1218 556 vel
1250 512 1539 556 cachecticos
1578 511 1801 556 exinanit.
1850 522 1870 554 5

123 579 212 623 hoe
244 579 394 636 spleni
432 579 658 623 medetur.
705 579 852 622 alium
889 578 1040 622 viride
1079 592 1184 621 cum
1221 578 1310 621 fico
1352 578 1529 635 duplici
1569 581 1806 634 sumptum

120 645 444 703 purgatorium
483 647 567 690 est.
623 645 899 688 harundinis
939 644 1232 688 summitates
1270 644 1409 688 tritas
1450 647 1498 688 et
1544 659 1649 688 cum
1694 644 1804 688 vino

125 712 363 767 decoctas,
409 724 570 754 sucum
601 724 762 754 earnm
801 725 906 754 cum
936 710 1075 754 melle
1107 710 1264 754 ieiuno
1303 710 1438 766 potui
1471 711 1596 755 dato.
1641 711 1691 754 in
1731 725 1803 754 sa-

121 777 262 821 blone
291 776 435 820 maris
467 775 622 820 calido
654 790 762 819 eum
792 776 978 831 saepius
1012 776 1277 820 volutatum
1310 791 1390 820 seu
1424 778 1654 833 obrutum,
1689 777 1804 821 satis

122 843 267 887 iuvat.
317 842 471 898 sinapi
510 844 558 886 et
596 841 832 898 cyminum
869 845 918 885 et
947 843 1081 897 ficus,
1122 843 1284 898 aequis
1314 843 1600 899 ponderibus
1639 844 1804 887 tritum
1829 856 1871 886 10

124 923 261 965 super
290 911 502 952 ventrem
531 907 773 964 imponito.
822 908 999 951 caricas
1033 911 1081 952 et
1120 909 1410 952 absinthium
1445 924 1550 952 cum
1587 910 1697 953 vino
1730 925 1805 954 co-

122 989 235 1030 ques
268 973 433 1018 addita
463 973 617 1016 farina
648 973 900 1017 hordeacia
932 978 980 1018 et
1009 974 1158 1030 nitro,
1193 977 1349 1018 omnia
1382 975 1521 1018 simul
1553 976 1805 1020 commixta

122 1041 172 1084 in
204 1055 349 1098 genus
389 1040 711 1096 malagmatis,
752 1040 802 1083 in
839 1040 1048 1097 plagella
1087 1041 1331 1084 inductum
1367 1041 1522 1085 ventri
1560 1041 1802 1098 imponito,

124 1107 263 1151 ibisci
293 1106 475 1150 radices
508 1106 557 1149 in
587 1106 697 1149 vino
730 1120 899 1162 coques
932 1109 980 1150 et
1010 1110 1132 1150 teres
1166 1110 1213 1151 et
1245 1107 1367 1150 sicut
1398 1107 1690 1163 cataplasma
1720 1109 1805 1150 im-

123 1187 281 1230 pones,
330 1187 386 1216 ex
423 1173 534 1216 vino
572 1171 674 1228 ipso
712 1172 914 1228 primum
953 1173 1102 1216 lotum
1139 1173 1360 1218 fomenta.
1408 1173 1523 1217 item
1570 1174 1698 1217 ebuli
1736 1174 1805 1218 vi-
1830 1185 1871 1217 15

122 1240 238 1283 ridis
270 1239 477 1283 radicem
504 1238 653 1282 exime
678 1241 725 1282 et
748 1241 921 1282 terram
946 1240 1165 1295 excutito,
1199 1243 1247 1283 et
1270 1239 1369 1283 noli
1392 1239 1553 1283 lavare
1584 1241 1804 1297 radicem,

125 1308 172 1350 et
203 1307 329 1361 quod
362 1306 542 1348 duobus
576 1304 739 1361 digitis
772 1319 827 1349 ex
857 1306 967 1349 vino
999 1306 1148 1349 veteri
1181 1305 1472 1362 comprendis
1506 1307 1709 1350 sextario
1737 1307 1805 1350 di-

124 1372 277 1416 lutum
308 1371 476 1427 calido,
508 1370 665 1415 ieiuno
689 1372 823 1427 potui
850 1372 975 1427 dato,
1007 1372 1182 1415 bonum
1207 1374 1291 1416 est.
1324 1373 1471 1415 herba
1501 1373 1804 1429 nasturcium,

124 1452 265 1493 quam
296 1451 380 1481 nos
413 1437 643 1481 ecaticum
675 1437 872 1481 dicimus
912 1453 1016 1481 611111
1047 1438 1156 1481 vino
1195 1438 1311 1481 trita
1341 1438 1476 1494 potui
1509 1439 1621 1482 data
1654 1442 1804 1495 sanat,

126 1506 173 1548 et
205 1504 334 1548 edita
365 1505 453 1547 1106
484 1504 611 1547 idem
640 1506 863 1560 praestat.
911 1519 1108 1560 ysopum
1140 1506 1187 1547 et
1217 1519 1434 1560 murram,
1468 1518 1524 1548 ex
1555 1505 1664 1548 vino
1698 1519 1804 1548 con-
1830 1516 1872 1546 20

116 1569 290 1613 *tritum
319 1569 454 1625 potui
490 1570 614 1613 dato.
658 1569 832 1613 herbae
864 1571 1130 1615 vettonicae
1155 1577 1182 1620 5
1208 1571 1251 1613 II
1282 1585 1338 1614 ex
1368 1570 1468 1614 vini
1498 1571 1623 1627 nigri
1655 1571 1805 1626 cyatis

126 1637 192 1679 III
221 1650 304 1692 per
334 1635 543 1679 triduum
574 1635 728 1679 calido
760 1637 895 1692 potui
929 1638 1052 1681 dato.
1095 1636 1252 1680 salicis
1293 1637 1506 1680 hastulas
1540 1638 1599 1680 ad
1639 1637 1805 1681 tertias

127 1717 250 1757 aqua
289 1703 505 1746 decoctas
545 1705 685 1758 prout
722 1703 898 1759 poterit
936 1703 1085 1747 bibat.
1135 1716 1325 1745 cancros
1365 1703 1569 1746 marinos
1610 1705 1692 1746 aut
1722 1703 1805 1745 flu-

126 1767 314 1812 viatiles
347 1782 475 1811 assos
509 1768 695 1811 assidue
729 1772 895 1813 sumat.
943 1770 1131 1813 testudo
1163 1768 1388 1824 praecisis
1420 1769 1620 1825 pedibus
1654 1770 1805 1812 cauda

124 1836 172 1877 et
203 1833 371 1889 capite,
405 1833 601 1876 abiectis
634 1833 889 1878 interaneis
922 1834 990 1878 ita
1023 1835 1213 1878 condita
1246 1837 1299 1878 ut
1331 1835 1429 1878 sine
1452 1835 1646 1878 fastidio
1680 1836 1803 1880 edat.
1831 1846 1873 1878 25

126 1899 307 1943 scillam
337 1900 561 1957 purgabis
594 1902 642 1944 et
673 1900 897 1944 interiora
922 1901 1020 1944 eius
1045 1901 1095 1943 in
1120 1915 1243 1956 aqua
1275 1902 1336 1944 ad
1360 1901 1526 1944 tertias
1561 1902 1803 1957 decoques,

123 1965 233 2009 inde
267 1966 521 2022 scripulum
544 1968 564 2009 I
598 1980 701 2009 cum
731 1966 870 2009 melle
901 1967 977 2011 vel
1009 1969 1142 2011 aceto
1173 1967 1307 2023 potui
1333 1966 1483 2022 dabis,
1515 1981 1599 2023 per
1622 1967 1807 2010 urinam

125 2032 417 2088 purgabitur.
445 2031 654 2075 sambuci
678 2032 885 2075 radicem
901 2048 1006 2076 cum
1022 2034 1131 2077 vino
1157 2035 1401 2090 decoques,
1426 2034 1536 2078 inde
1561 2038 1722 2090 eyatos
1742 2035 1806 2077 ΠΙ

125 2097 275 2141 bibat.
323 2098 524 2140 hederae
558 2111 676 2152 quae
709 2098 1040 2155 chrysocarpos
1073 2103 1270 2144 vocatur
1300 2115 1384 2157 pro
1418 2115 1472 2144 eo
1507 2101 1632 2156 quod
1664 2116 1804 2145 aureo

126 2163 279 2206 colore
310 2178 458 2220 grana
491 2163 668 2220 afferat,
700 2164 838 2207 huius
871 2178 980 2222 ergo
1012 2181 1161 2222 grana
1193 2167 1320 2209 XXX
1351 2166 1401 2209 in
1431 2167 1530 2210 vini
1571 2169 1619 2210 5²8
1647 2168 1668 2210 I
1699 2182 1806 2210 6011-
1831 2178 1873 2209 30

126 2231 247 2272 teres
281 2232 328 2273 et
358 2232 515 2273 ternos
549 2233 709 2286 cyatos
742 2230 904 2275 bibere
931 2233 1079 2288 dabis,
1115 2236 1161 2276 et
1192 2247 1300 2275 mox
1323 2247 1407 2288 per
1439 2233 1623 2275 urinam
1653 2233 1802 2277 ibunt.

125 2295 175 2338 in
204 2295 339 2339 furno
371 2295 642 2351 planipedio
667 2297 785 2340 bene
817 2299 1078 2353 temperato
1103 2299 1340 2342 hominem
1362 2299 1539 2341 nudum
1563 2299 1613 2340 in
1640 2299 1806 2342 tabula

206 2430 218 2441 '
245 2440 267 2477 1
303 2435 414 2478 dato
443 2437 448 2491 Ι
476 2435 722 2479 iuvenibus
755 2439 916 2492 cyatos
948 2437 1035 2479 IIII
1067 2450 1172 2480 cum
1202 2437 1340 2480 melle
1373 2439 1535 2492 cyatos
1567 2453 1626 2481 m.
1661 2438 1737 2482 ΠΙ.
1765 2439 1805 2482 b.

126 2497 151 2534 2
185 2495 210 2536 ἔ
235 2493 353 2536 tritu
385 2496 423 2538 b.
517 2498 542 2536 3
573 2494 745 2537 radicis
777 2495 927 2538 mittis
961 2498 999 2539 b.
1106 2496 1269 2539 voluer
1299 2498 1336 2539 b.
1433 2503 1454 2539 7
1490 2495 1732 2538 arundinis
1766 2498 1804 2542 b.

127 2555 153 2594 8
186 2554 287 2594 suc⁰
320 2554 358 2595 b.
480 2552 672 2595 sablone
707 2555 808 2607 (sic)
843 2555 881 2597 b.
1004 2558 1029 2595 9
1062 2554 1310 2609 voluptate
1336 2556 1374 2598 b.
1497 2558 1552 2596 10
1579 2554 1739 2610 sinape
1766 2557 1803 2599 b.

127 2614 179 2652 12
214 2610 453 2653 ordeacea.
488 2613 535 2653 et
564 2610 740 2653 nitrum
765 2613 868 2665 (sic)
896 2613 941 2655 b:
974 2613 1031 2665 cf.
1057 2613 1133 2656 Ps.
1161 2614 1287 2657 Plin.
1320 2614 1430 2657 med.
1458 2627 1507 2668 p.
1534 2616 1608 2667 95,
1640 2618 1699 2656 19
1725 2617 1803 2668 (r).

129 2673 181 2710 13
213 2668 446 2727 malagme
479 2670 517 2712 b.
663 2674 719 2711 14
749 2669 893 2713 evisci
923 2669 1019 2712 rad'
1056 2672 1093 2714 b.
1244 2671 1357 2714 teris
1391 2673 1428 2715 b.
1581 2671 1651 2715 sic
1682 2671 1804 2716 catli.

126 2726 282 2782 iponis
308 2728 346 2770 b.
440 2732 494 2769 19
527 2726 707 2770 ecaticfi
741 2730 842 2783 (sic)
878 2730 916 2771 b.
1011 2728 1071 2771 da
1103 2732 1239 2772 sanat
1271 2732 1309 2774 b.
1432 2734 1488 2773 20
1514 2732 1561 2773 et
1591 2731 1734 2775 mirra
1765 2734 1803 2776 b.

128 2790 181 2827 21
215 2784 428 2828 vetonice
460 2786 498 2829 b.
591 2799 648 2828 ex
677 2785 776 2828 vini
806 2801 850 2830 11.
884 2788 1044 2842 cyatos
1078 2789 1115 2832 b.
1201 2793 1256 2831 25
1286 2790 1352 2833 sic
1383 2790 1420 2833 b.
1544 2794 1599 2834 26
1633 2790 1805 2845 squilla

125 2840 298 2912 purgas
324 2846 361 2888 b.
433 2847 489 2886 28
512 2843 686 2887 hedera
711 2846 750 2888 b.
828 2849 883 2887 29
909 2845 1171 2889 crisoconos
1197 2849 1221 2891 b
1247 2847 1596 2904 (chrysocarpos
1614 2850 1738 2893 sz.
1764 2856 1806 2894 et

127 2902 371 2959 Ps.P1m.).
472 2906 527 2944 30
538 2902 676 2946 XXX.
689 2905 713 2946 b
727 2902 828 2959 (XX
838 2903 944 2960 PL).
1036 2910 1090 2947 31
1110 2907 1270 2961 cyatos
1288 2908 1392 2951 add.
1410 2921 1477 2952 eoe.
1490 2909 1612 2951 le
1628 2916 1730 2963 (om.
1742 2911 1802 2964 b).
