1988 3184
447 187 907 230 mmo'rARmM
935 188 1112 230 Bssux.
1145 187 1485 231 SECUNDUM.
1696 185 1805 239 395

39 318 143 371 192
277 323 356 372 Ad
396 323 692 373 calculum.
742 324 1012 374 brassicam
1060 326 1241 374 siccam
1286 330 1336 374 et
1379 325 1567 389 piperis
1612 324 1805 388 pondus

125 395 341 461 duplum.
381 399 604 462 utrisque
645 397 872 447 cribratis
911 403 961 446 et
1000 397 1146 447 simul
1182 399 1351 447 mixtis
1388 399 1545 446 mittis
1584 397 1803 447 cocleare

122 469 338 537 plenum,
377 477 426 520 et
464 470 550 520 das
588 473 641 519 in
678 473 876 535 potione
916 473 1115 521 caroeni
1153 471 1372 520 cocleare
1411 473 1610 536 pariter.

39 539 143 592 193
269 543 349 593 Ad
411 543 674 593 calculos
743 544 1139 609 expellendos
1208 547 1384 594 etiam
1451 544 1801 594 infantibus

0 631 19 647 =
36 613 110 667 59)
127 632 282 666 unum
313 617 554 667 calculum
584 619 858 684 porcinum,
897 620 1101 668 seminis
1133 618 1361 668 cauliculi
1398 617 1497 668 unc
1517 617 1582 683 II,
1613 620 1801 683 piperis
1849 631 1870 663 5

119 703 179 741 —:-
208 689 265 740 II.
303 691 424 740 haec
463 693 727 755 separatim
764 692 1060 758 tunduntur,
1108 698 1157 741 et
1201 697 1519 756 posteaquam
1557 693 1610 740 in
1647 707 1801 740 unum

120 764 426 830 redigantur,
467 770 724 813 servantur
762 767 815 813 in
855 765 983 814 dolio
1003 767 1192 814 vitreo.
1245 781 1358 814 cum
1395 780 1598 815 necesse
1637 765 1801 830 fuerit,

118 837 279 886 tribus
319 839 471 902 cyatis
509 839 678 886 mixtis
717 838 888 887 calidis
928 840 1126 887 caroeni
1163 838 1363 902 plenum
1395 838 1614 888 cocleare
1647 838 1799 887 dabis.

35 906 142 959 194
266 910 424 960 Item.
473 910 715 960 calculum
754 927 901 976 quem
939 914 1155 976 primum
1200 914 1393 960 miserit
1437 912 1552 961 tolle
1593 918 1642 961 et
1679 918 1800 977 tere,

121 989 170 1033 et
207 986 451 1033 nescienti
488 985 540 1032 in
579 999 703 1048 aqua
743 984 898 1034 calida
936 984 1076 1034 dabis
1115 984 1300 1033 bibere.
1581 1044 1585 1049 μ
1826 998 1867 1029 10

266 1057 423 1107 Item.
473 1073 642 1106 semen
681 1057 740 1107 de
779 1058 932 1107 herba
970 1060 1259 1122 personacia
1296 1064 1417 1125 tere,
1457 1065 1506 1107 et
1545 1058 1656 1107 dato
1698 1060 1799 1107 sive

121 1146 180 1179 ex
219 1131 362 1180 melle
404 1133 504 1180 sive
543 1133 597 1180 in
635 1147 772 1196 aqua.

32 1200 137 1253 195
264 1205 343 1254 Ad
391 1205 683 1254 calculum
731 1211 786 1254 et
832 1205 1036 1254 colum.
1093 1220 1262 1253 semen
1314 1207 1591 1269 pastinacae
1641 1207 1797 1255 siccae

116 1278 403 1327 ventilatum
436 1278 698 1341 diligenter
727 1294 895 1342 purga.
935 1294 1049 1327 nam
1079 1280 1368 1342 vigesimam
1398 1285 1589 1343 partem
1612 1281 1798 1343 piperis

118 1353 291 1416 optimi
329 1354 381 1400 in
412 1353 647 1400 mortario
679 1354 815 1417 teriS,
854 1358 904 1400 et
934 1354 987 1401 in
1018 1352 1147 1400 dolio
1180 1354 1337 1400 vitreo
1370 1352 1525 1401 conde
1565 1359 1613 1400 et
1645 1354 1796 1416 signa.
1825 1363 1866 1395 15

117 1440 177 1473 ex
215 1425 309 1474 hoc
350 1427 392 1473 si
431 1425 651 1473 dolorem
683 1425 897 1474 febrium
926 1425 1086 1491 habet,
1125 1427 1178 1473 in
1209 1441 1335 1489 aqua
1367 1425 1522 1473 calida
1562 1432 1797 1490 quantum

116 1505 219 1547 tres
259 1498 401 1563 digiti
433 1500 647 1564 capiunt,
678 1500 844 1547 ieiuno
878 1498 1031 1547 dabis.
1075 1500 1151 1547 sin
1182 1513 1297 1546 vero
1331 1500 1436 1547 sine
1469 1498 1604 1547 febre
1637 1499 1797 1563 fuerit,

117 1571 257 1638 lavet,
297 1578 346 1620 et
384 1587 440 1620 ea
480 1572 558 1620 die
597 1574 649 1620 in
688 1574 929 1635 piscinam
967 1587 1066 1620 non
1106 1571 1397 1637 descendat,
1438 1577 1486 1620 et
1523 1573 1576 1620 in
1616 1572 1795 1620 sabano

115 1647 168 1693 in
207 1645 403 1694 condito
443 1647 662 1709 accipiat.
702 1647 755 1693 in
793 1644 966 1694 diebus
1005 1644 1137 1693 XXX
1174 1651 1251 1693 ter
1288 1645 1381 1693 hoc
1420 1647 1646 1711 accipiat,
1694 1661 1794 1693 om—

115 1721 233 1767 nino
273 1734 538 1783 numquam
579 1717 775 1767 dolebit.
1817 1731 1860 1761 20

34 1789 138 1842 196
265 1793 423 1841 Item.
472 1807 640 1840 semen
687 1791 856 1840 claone
895 1793 1115 1840 nascitur
1154 1797 1202 1839 et
1241 1792 1294 1839 in
1331 1790 1452 1840 locis
1498 1791 1713 1840 humidis
1747 1800 1794 1841 et

117 1866 292 1914 similis
333 1872 407 1915 est
447 1868 618 1930 sinapi.
661 1868 801 1914 cuius
835 1880 1003 1913 semen
1036 1870 1268 1928 quantum
1310 1865 1477 1928 digitis
1516 1865 1675 1914 tribus
1707 1881 1791 1930 po-

119 1941 235 1988 teris
275 1939 709 2004 comprehendere,
749 1954 860 1987 cum
891 1937 1022 1986 XXX
1062 1940 1228 2001 granis
1258 1940 1445 2002 piperis
1485 1940 1704 1987 inmittas
1741 1941 1792 1987 in

116 2013 286 2078 calida,
326 2019 374 2062 et
413 2013 486 2061 da.
525 2012 661 2061 bibat
699 2014 894 2061 ieiunus
934 2027 1024 2075 per
1062 2011 1300 2076 plurimos
1334 2011 1451 2060 dies.

30 2082 133 2136 197
263 2087 419 2135 Item.
461 2101 629 2134 semen
670 2085 917 2149 cauliculi,
944 2086 1225 2150 cyminum,
1265 2087 1426 2150 piper,
1473 2085 1618 2134 bacas
1666 2085 1790 2134 lauri
1816 2096 1856 2128 25

116 2162 270 2208 siccas
326 2160 534 2208 mundas
596 2161 701 2207 sine
757 2160 953 2207 cortice.
1017 2160 1186 2222 aequis
1247 2157 1548 2222 ponderibus
1603 2158 1791 2223 singula

114 2232 389 2282 tunduntur
428 2238 476 2281 et
522 2234 574 2280 in
621 2247 775 2280 unum
822 2233 1105 2280 miscentur.
1154 2231 1366 2295 desuper
1412 2231 1622 2280 adicitur
1667 2232 1790 2295 lapis

116 2308 201 2370 qui
233 2308 284 2354 in
315 2307 478 2354 vesica
509 2307 711 2369 porcina
742 2307 1005 2370 invenitur,
1045 2310 1092 2352 et
1125 2306 1230 2368 ipse
1261 2306 1440 2353 teritur
1472 2320 1584 2353 cum
1621 2320 1788 2369 supra-

115 2380 261 2428 dictis
302 2378 572 2443 speciebus.
621 2378 896 2427 confectum
943 2383 1163 2426 servatur
1201 2380 1253 2425 in
1292 2377 1419 2425 dolio
1459 2379 1628 2426 vitreo.
1678 2394 1789 2427 cum

114 2468 315 2502 necesse
356 2453 518 2517 fuerit,
558 2451 696 2500 dabis
734 2454 787 2500 in
823 2451 984 2499 tribus
1023 2452 1174 2515 cyatis
1207 2453 1404 2499 caroeni
1441 2452 1593 2499 mixta
1632 2451 1788 2500 calida
1811 2462 1854 2494 30

115 2542 204 2591 per
242 2526 461 2574 triduum
501 2524 739 2574 coclearia
779 2524 982 2589 singula.

233 2685 256 2724 1
289 2679 497 2724 brassica,
529 2679 653 2723 sicca
686 2681 788 2735 (sic)
820 2680 880 2724 Β.
1001 2684 1026 2722 2
1062 2678 1212 2722 mittis
1244 2693 1326 2723 om.
1359 2680 1425 2723 ed.
1576 2684 1602 2723 3
1634 2679 1673 2723 8⁶
1702 2694 1785 2725 om.

113 2741 179 2785 ed.
300 2739 458 2783 careni
491 2740 592 2795 (sic)
626 2739 685 2782 Β.
785 2743 810 2781 5
840 2737 1073 2794 porcitum
1098 2739 1200 2794 (sic)
1225 2738 1272 2781 Β
1303 2737 1560 2794 (porcinum
1589 2740 1655 2783 ed.
1688 2741 1786 2784 coll.

113 2813 149 2843 6.
175 2800 265 2855 59).
359 2802 413 2841 12
437 2811 495 2842 ex
524 2796 663 2841 melle
697 2798 798 2853 (sie)
832 2798 878 2840 Β
910 2795 1156 2853 (oxymelle
1186 2798 1284 2853 ed).
1378 2802 1433 2840 14
1462 2810 1572 2840 nam
1605 2799 1707 2854 (sic)
1740 2799 1786 2842 Β

114 2856 299 2914 (deinde
330 2857 427 2914 σᾶ.)
619 2860 674 2899 16
707 2855 914 2899 dolorem
946 2857 1048 2912 (sic)
1082 2856 1140 2900 Β,
1322 2860 1374 2899 21
1409 2854 1571 2900 claone
1604 2858 1707 2912 (sic)
1742 2858 1788 2902 Β

114 2915 337 2972 (cleomae
367 2916 466 2971 ed.).
614 2914 824 2958 nascitur
854 2914 892 2958 δε
922 2913 972 2957 111
1002 2913 1032 2959 l.
1068 2915 1168 2970 (sic)
1202 2915 1261 2959 Β.
1441 2918 1496 2957 22
1529 2915 1695 2972 synapi
1724 2916 1784 2969 Β.

113 2979 170 3020 26
202 2974 326 3018 sicca
355 2974 530 3017 munda
552 2974 598 3017 Β
625 2976 685 3028 (et
713 2975 816 3030 ed).
