1950 3172
809 124 1082 169 Locucus,
1234 153 1237 155 ,
1674 114 1779 171 147

252 263 337 313 sed
379 264 611 327 quoniam
650 261 909 327 aliquando
959 266 1044 310 aut
1092 260 1449 324 aegrotantium
1493 259 1780 322 inpatientia

104 343 189 387 aut
226 338 456 402 inperitia
493 336 799 385 medicorum
837 340 921 384 aut
959 339 1092 384 certe
1132 333 1248 382 dum
1298 346 1556 382 causarum
1592 333 1780 395 magni-

102 411 265 461 tudini
311 410 550 460 adiutoria
587 424 687 458 non
733 409 986 458 sufficiunt
1031 408 1378 473 competentia,
1425 407 1628 455 minime
1667 419 1780 469 per-

103 489 360 550 curantur,
406 488 456 532 et
494 498 553 532 ex
592 497 650 532 eo
689 482 749 531 ad
788 481 1081 547 epilempsin
1127 480 1406 545 supradicta
1452 480 1625 543 capitis
1664 479 1780 527 vitia

104 556 447 622 devolvuntur,
495 556 573 604 his
614 557 760 604 etiam
808 570 932 620 quae
970 569 1102 604 nunc
1148 568 1410 618 possumus
1449 552 1665 602 remedia
1702 551 1779 600 vel
1824 563 1847 596 5

105 630 347 680 adiutoria
385 643 748 694 componamus,

600 803 696 852 XV.
736 803 811 852 De
854 802 1276 867 epilemp‘ticiS.

247 907 404 956 Variis
450 905 732 956 nominibus
786 906 906 954 haec
958 907 1121 970 passio
1174 920 1264 969 pro
1312 906 1391 954 sui
1441 904 1778 969 magnitudine
1795 901 1868 955 47

99 986 379 1045 nuncupata
411 986 498 1029 est.
564 995 676 1028 nam
714 994 825 1028 cum
866 980 929 1028 sit
968 978 1069 1027 sola
1096 980 1269 1042 capitis
1303 993 1462 1044 causa,
1495 978 1778 1042 epilempsis

102 1054 373 1120 appellatur
412 1069 468 1103 eo
510 1053 639 1117 quod
680 1058 859 1101 statum
900 1067 1074 1101 sensus
1112 1054 1310 1116 penitus
1342 1051 1523 1100 alienet
1562 1058 1610 1100 et
1648 1051 1778 1115 quod
1806 1065 1852 1096 ιο

102 1144 243 1178 mens
282 1129 508 1192 propriae
550 1127 681 1175 sedis
720 1128 991 1175 extermina
1023 1127 1217 1190 gravius
1257 1130 1586 1190 attemptetur.
1648 1125 1778 1175 unde

104 1203 406 1266 antiquiores
454 1200 543 1249 sub
592 1200 845 1249 cuiusdam
884 1200 1136 1264 religionis
1187 1201 1398 1263 imagine
1445 1214 1632 1248 sacram
1669 1214 1778 1263 pas-

102 1278 291 1325 sionem
330 1279 749 1338 nuncupaverunt.

246 1363 336 1411 hos
375 1364 565 1410 interea
604 1367 714 1410 ante
751 1363 1129 1410 commotionem
1169 1360 1427 1425 aliquando
1468 1366 1602 1409 certa
1642 1362 1778 1423 signa

98 1437 443 1502 praeveniunt,
498 1435 792 1499 aliquotiens
846 1450 988 1483 casus
1036 1440 1240 1499 occupat
1294 1435 1605 1499 repentium,
1654 1449 1775 1497 quos
1802 1447 1850 1480 15

98 1512 152 1559 ni
189 1510 280 1558 hac
318 1510 545 1573 passione
584 1507 846 1557 violentius
886 1509 1120 1571 exagitari
1166 1509 1494 1572 cognovimus
1570 1507 1622 1554 hi
1661 1522 1777 1570 ergo

100 1581 509 1632 commotionibus
563 1580 935 1649 imminentibus
988 1596 1118 1630 nunc
1173 1597 1260 1629 sua
1312 1580 1533 1629 membra
1587 1582 1780 1644 gravari

99 1658 453 1721 praesentiunt,
491 1669 623 1703 nunc
663 1654 851 1703 crebris
885 1653 1254 1703 oscitationibus
1293 1654 1606 1703 resolvuntur
1637 1659 1687 1702 et
1718 1654 1776 1702 ad

100 1744 270 1778 omnes
303 1734 464 1778 motus
495 1729 738 1792 pigriores
774 1728 909 1777 fiunt.
978 1733 1096 1776 tunc
1135 1729 1281 1777 etiam
1322 1727 1489 1777 oculos
1528 1726 1777 1776 terribiles

98 1802 280 1852 habere
326 1803 591 1867 incipiunt,
640 1807 759 1850 tunc
805 1801 986 1850 stridor
1033 1803 1351 1866 consequitur
1396 1801 1618 1850 dentium
1665 1816 1777 1849 cum
1800 1817 1847 1848 20

98 1875 500 1941 praecordiorum
545 1876 783 1923 tensione.
861 1874 1061 1923 distenti
1110 1875 1186 1924 vel
1233 1877 1444 1924 contorti
1497 1875 1777 1940 cadesount,

100 1949 283 1998 diutius
332 1948 642 1998 colliduntur.
726 1954 843 1996 tunc
890 1950 1108 1997 omnium
1159 1948 1495 1998 musculorum
1541 1948 1617 1997 vel
1663 1963 1775 1997 ner-

214 2152 241 2191 3
272 2149 577 2205 percurantur
607 2148 672 2192 B:
703 2148 1007 2204 procurantur
1036 2149 1110 2194 rb.
1230 2153 1259 2192 4
1290 2149 1568 2207 epilempsin
1592 2151 1638 2195 B
1662 2149 1774 2206 (epi-

94 2205 267 2263 lepsias
300 2208 356 2263 b),
389 2205 664 2263 epilempsia
692 2221 730 2252 r.
851 2206 1121 2263 supradicta
1149 2209 1230 2253 rb:
1263 2222 1346 2253 om.
1371 2209 1429 2253 B.
1553 2213 1579 2253 5
1611 2223 1700 2268 que
1726 2210 1775 2255 b:

97 2265 266 2321 quibus
297 2266 387 2309 rB.
478 2278 602 2308 nunc
625 2266 691 2310 B:
723 2278 806 2309 nos
829 2279 855 2310 r
878 2266 976 2321 (om.
1011 2268 1065 2323 b).
1179 2266 1386 2311 remedia,
1416 2267 1507 2312 rB:
1539 2267 1698 2311 media.
1712 2268 1772 2312 B.

98 2331 123 2369 6
156 2323 474 2381 componimus
504 2325 595 2380 ΥΒ,
627 2337 710 2380 per
741 2323 949 2380 ordinem
980 2324 1281 2382 disponamus
1313 2327 1350 2371 b.
1508 2330 1533 2369 7
1564 2326 1632 2369 De
1665 2339 1775 2382 epy-

95 2382 327 2440 lempticis
351 2382 566 2426 theodori
581 2381 802 2439 prisciani
817 2397 854 2439 r,
878 2383 945 2426 De
970 2383 1278 2441 epilempticis
1295 2384 1392 2429 XV.
1409 2385 1467 2428 B.
1561 2389 1587 2428 8
1605 2383 1677 2428 sui
1692 2386 1771 2429 rb:

96 2455 181 2486 sua
207 2443 267 2487 B.
360 2445 385 2484 9
418 2454 455 2486 e.
490 2454 681 2498 app-eo
714 2455 755 2497 q.
791 2443 816 2486 b
841 2442 993 2500 (Ga1)=
1026 2456 1063 2486 e.
1097 2456 1217 2498 quae
1247 2442 1352 2487 ideo
1386 2456 1491 2500 app.
1525 2456 1579 2487 eo
1611 2457 1654 2498 q.
1686 2444 1772 2488 rB.

96 2505 151 2544 10
184 2501 412 2544 statutum
443 2513 628 2544 sensum
659 2502 697 2545 b.
838 2505 890 2544 11
923 2500 1139 2558 propriae
1171 2501 1271 2545 sedi
1302 2503 1398 2559 (sic)
1430 2502 1524 2557 Bb,
1556 2500 1773 2558 propriae

96 2558 219 2603 sedis
256 2573 303 2615 r,
348 2561 454 2603 item
492 2558 677 2616 proprie
720 2558 842 2602 sedis
875 2560 961 2605 Gal
995 2562 1043 2617 (i.
1075 2573 1109 2604 e.
1149 2566 1358 2617 excerpta
1391 2561 1467 2605 Ps.
1503 2560 1672 2606 Galerii
1710 2561 1773 2606 ad

96 2618 258 2664 Glauc.
274 2619 301 2662 l.
318 2618 416 2662 III.
434 2619 528 2662 cod.
540 2618 661 2662 Voss.
677 2618 752 2663 lat.
771 2619 848 2673 fol.
872 2621 962 2676 85).
1055 2618 1311 2662 extermina
1322 2627 1337 2664 ε·
1365 2619 1537 2663 —nata
1553 2619 1667 2665 er
1683 2619 1772 2665 Gal

95 2681 162 2720 12-
183 2677 306 2733 (post
336 2675 638 2733 antiquiores)
669 2676 904 2733 ypocratis
937 2677 1110 2734 scripta
1141 2677 1289 2722 secuti
1319 2679 1426 2724 add.
1459 2679 1498 2723 b.
1596 2681 1653 2722 14
1684 2677 1771 2722 ali-

94 2748 188 2790 qua,
219 2736 259 2780 b.
402 2739 457 2779 16
487 2734 537 2779 hi
566 2736 658 2780 rB:
691 2734 765 2779 his
797 2737 835 2781 b.
958 2740 1012 2780 19
1044 2749 1226 2780 omnem
1255 2738 1434 2781 motum
1464 2738 1504 2782 b.
1626 2735 1771 2781 etiam

0 2829 8 2855 .·
93 2793 186 2839 rBz
218 2792 315 2837 iam
346 2794 371 2839 b
393 2793 499 2839 Gal.
621 2797 678 2838 20
709 2793 1007 2851 consequitur
1035 2797 1095 2840 lrb
1115 2795 1229 2841 Gal:
1267 2795 1563 2854 prosequitur
1591 2795 1651 2842 Β.

92 2852 351 2968 &gabant
375 2854 422 2897 et
453 2852 628 2898 diutius
653 2853 803 2912 baaz,
835 2854 1086 2900 cadescunt
1117 2854 1292 2900 diutius
1315 2871 1355 2913 r,
1395 2854 1768 2901 cadescumutius
1847 2905 1849 2907 ,

130 2926 148 2956 a
267 2944 280 2958 .

1413 2989 1503 3036 10*
