1950 3172
853 164 1128 208 Looicus.
1720 162 1830 216 219

146 301 350 350 meracii
373 315 487 350 cum
509 300 768 350 fricatione
792 302 1065 366 perunctio.
1111 299 1374 350 flebotomo
1397 300 1830 365 praeveniendum.

146 375 319 423 vinum.
352 375 551 439 penitus
596 373 675 423 vel
718 373 865 439 pleno
916 389 1042 424 anno
1088 374 1341 423 vitandum
1379 379 1469 423 est.
1548 375 1619 424 sic
1659 389 1686 423 a
1725 389 1831 424 car-

146 446 294 496 nibus
339 447 617 513 polytrofiS‚
671 449 744 496 sic
790 447 849 496 ab
895 463 991 497 usu
1036 449 1236 497 venerio
1288 446 1653 496 continendum.
1731 453 1830 497 sto-

146 519 309 570 machi
346 535 464 585 prae
512 519 741 570 omnihus
786 521 915 570 bona
959 520 1174 571 valitudo
1222 521 1543 570 custodienda
1589 527 1686 587 est,
1733 536 1830 585 quo

145 594 338 658 accepti
377 593 476 642 cibi
513 593 704 643 facilius
742 596 1090 658 transigantur.
1165 596 1377 643 vomitus
1426 595 1516 643 hos
1555 609 1658 643 non
1686 593 1831 659 longa
1877 608 1897 641 5

98 662 106 669 ’
146 681 238 731 per
275 666 530 716 intervalla
567 666 777 716 multum
815 669 969 733 iuvat,
1008 667 1268 732 aliquando
1308 673 1422 732 post
1460 673 1723 717 consuetos
1762 670 1830 717 ci-

145 739 253 806 hos,
292 739 588 804 aliquotiens
621 743 771 789 etiam
809 742 1002 789 ieiunos
1036 742 1250 805 acceptis
1282 741 1531 790 radicibus
1571 756 1684 790 cum
1716 755 1831 806 oxy-

146 812 276 862 meli.
353 813 446 862 hoc
485 813 630 862 modo
671 815 818 862 etiam
856 813 995 862 bulbi
1034 829 1093 862 ex
1143 829 1267 877 aqua
1314 816 1442 862 cocti
1482 814 1830 879 operabuntur.

146 887 240 935 hoc
266 888 309 936 si
337 888 485 936 etiam
515 892 629 951 post
660 902 832 936 cenam
864 886 1014 936 alium
1046 888 1302 952 accipiant,
1335 886 1465 951 quod
1495 902 1644 951 parvo
1677 889 1830 936 inter-

146 959 270 1008 vallo
310 975 435 1024 aqua
475 960 630 1009 calida
669 966 868 1025 accepta
899 965 1136 1008 vomatur.
1205 961 1503 1008 mutationes
1544 976 1714 1009 aerum
1753 960 1830 1010 vel
1855 976 1897 1006 10

144 1035 512 1098 provinciarum
558 1049 702 1098 saepe
751 1035 1064 1082 conveniunt.
1148 1048 1301 1096 aquae
1352 1033 1600 1082 naturales
1648 1033 1831 1083 calidae

146 1106 224 1155 vel
261 1122 466 1171 vapores
507 1122 676 1156 earum
716 1107 958 1155 similiter.
1022 1107 1257 1155 exercitia
1290 1121 1406 1155 sane
1446 1112 1495 1154 et
1529 1106 1723 1155 labores
1756 1107 1833 1156 vel

147 1180 435 1229 fricamenta
480 1182 631 1229 totius
678 1183 901 1245 corporis
940 1179 1249 1244 procuranda
1296 1185 1410 1228 sunt
1450 1185 1498 1228 et
1544 1180 1830 1244 appetenda.

146 1253 414 1302 otiantibus
439 1255 622 1302 etenim
644 1269 843 1302 umores
869 1253 1139 1317 supradicti
1169 1254 1456 1317 pinguiores
1489 1254 1652 1302 effecti
1684 1255 1832 1302 etiam

147 1328 332 1375 vexatis
373 1325 594 1375 articulis
636 1326 1031 1375 dominabuntur.
1856 1341 1897 1373 15

296 1416 448 1478 igitur
496 1416 727 1478 quoniam
780 1414 900 1463 haec
952 1414 1193 1462 adiutoria
1243 1414 1589 1478 compendiose
1643 1415 1832 1478 digesta

147 1494 264 1536 sunt
303 1516 372 1522 -—
414 1503 536 1552 quae
584 1502 759 1536 moneo
802 1493 850 1536 et
898 1487 1077 1535 suadeo
1126 1487 1365 1535 custodiri
1404 1487 1598 1536 debere.
1641 1490 1832 1552 experti

269 1708 290 1745 1
335 1701 616 1745 flebothomo
654 1700 967 1757 perveniendo
994 1700 1132 1756 (-ds1
1156 1702 1196 1757 r)
1228 1700 1311 1756 rV,
1359 1700 1660 1744 flebotomum
1697 1715 1830 1757 prae—

144 1760 374 1805 veniendo
407 1761 452 1804 B
477 1762 552 1814 (cf.
579 1761 636 1816 b).
757 1764 782 1802 2
814 1759 988 1803 Vinum
1013 1761 1036 1803 b
1063 1758 1212 1815 (Gar.)
1241 1758 1359 1803 Get:
1392 1774 1535 1802 unum
1568 1761 1620 1815 V,
1654 1774 1745 1803 uno
1770 1761 1828 1804 Β.

144 1819 394 1863 vitandum
416 1819 562 1863 VBb:
602 1819 857 1862 vetandum
893 1819 986 1862 Gel.
1014 1819 1143 1874 (Gar.
1176 1819 1258 1862 ubi
1288 1817 1448 1861 vinum
1472 1843 1527 1850 —-
1553 1821 1625 1862 est
1655 1833 1737 1863 om.
1770 1821 1829 1877 9).

146 1892 177 1922 a
201 1880 359 1935 (carn.)
385 1892 466 1923 om.
501 1878 594 1922 VB
620 1879 728 1934 (non
758 1879 854 1934 νὸς]
870 1877 996 1933 Gel).
1092 1875 1384 1933 polytrophis
1397 1877 1516 1922 Gel.:
1540 1876 1759 1934 polytrofi
1783 1879 1830 1933 V,

625 1947 646 1968 O

144 1979 399 2036 polistrofis
431 1981 476 2023 B
509 1979 645 2035 (polit
673 1979 703 2024 i.
736 1979 935 2022 multum
965 1977 1278 2022 nutrientibus
1305 1980 1343 2033 b,
1376 1979 1614 2035 politrosis
1638 1979 1691 2022 id
1712 1980 1830 2023 mul-

143 2040 249 2082 tum
290 2038 603 2082 nutrientibus
628 2040 681 2094 r).
716 2052 805 2094 pro
835 2053 874 2082 v.
902 2041 1018 2081 3-4
1050 2039 1115 2081 sic
1144 2038 1277 2081 habet
1305 2052 1356 2093 9:
1397 2039 1444 2080 et
1482 2037 1523 2081 si
1554 2053 1582 2082 a
1613 2039 1830 2082 carnibus

146 2097 481 2198 {olitrosophis
507 2097 589 2140 sed
613 2098 718 2152 (pro
744 2096 773 2139 s.
793 2119 848 2133 =
867 2095 982 2151 scil.)
1005 2095 1142 2139 bonis
1183 2095 1400 2139 carnibus
1432 2096 1645 2141 valitudo
1679 2099 1831 2141 eusto-

181 2155 322 2199 ienda
354 2157 424 2199 est
448 2157 522 2211 (cf.
558 2155 668 2200 Gar.
703 2157 782 2211 qui
811 2156 975 2199 ultima
1005 2160 1184 2199 tantum
1209 2180 1261 2186 ——
1286 2156 1352 2199 sic
1381 2156 1504 2210 falsa
1530 2183 1580 2187 ——
1611 2157 1831 2212 recepit!).

146 2218 175 2256 3
193 2213 473 2258 continendo
490 2215 536 2257 B
554 2214 740 2278 (fidum
756 2214 948 2269 rVGeZ„
967 2212 1078 2256 --d'J
1105 2215 1160 2269 b).
1255 2214 1518 2271 stomac(h)i
1533 2215 1683 2271 rV<B
1696 2215 1832 2271 Gelo:

149 2283 269 2345 storia
296 2301 506 2358 (—-aeho)
539 2303 577 2345 b.
753 2306 781 2344 4
813 2314 903 2356 quo
935 2300 1008 2345 ‘rV
1027 2301 1219 2359 Gel.(qd
1242 2302 1307 2358 9):
1339 2302 1393 2344 ut
1426 2302 1463 2345 b.
1648 2308 1672 2345 5
1705 2303 1832 2345 tran-

149 2359 191 2403 si
207 2361 249 2415 <e
261 2361 495 2416 V)gantur
525 2360 634 2404 er
653 2359 772 2404 Get:
804 2361 1104 2403 transeantur
1133 2360 1191 2404 B.
1285 2363 1310 2401 6
1342 2358 1507 2403 iuvant
1536 2375 1573 2404 r.
1669 2366 1692 2404 7
1716 2360 1832 2404 ieiu-

147 2433 235 2462 nus
257 2419 339 2476 Vq,
366 2432 506 2462 -nos
522 2417 758 2475 rB(-—nis
778 2418 906 2474 Get).
994 2423 1047 2461 10
1067 2417 1143 2461 vel
1166 2417 1509 2474 provinciarum
1528 2419 1692 2475 Vqu
1712 2420 1830 2465 Get:

146 2491 232 2522 om.
251 2478 404 2533 (solus)
420 2492 456 2521 r.
544 2490 667 2532 aqua
689 2475 966 2520 innaturalis
985 2478 1081 2532 (sic)
1110 2477 1158 2520 V.
1253 2480 1306 2518 12
1334 2475 1558 2520 Similiter
1580 2478 1700 2522 rVB
1713 2478 1831 2522 Get:

146 2550 231 2580 om:
265 2537 291 2580 b
316 2537 413 2591 (ubi
442 2549 638 2592 vapores
672 2536 779 2578 sunt
811 2534 1107 2591 adhibende),
1141 2533 1368 2578 diuretica
1393 2534 1607 2579 similiter
1628 2537 1830 2594 9(G'·ar.).

148 2596 199 2638 et
224 2630 232 2639 .
261 2630 269 2638 .
298 2630 306 2639 .
332 2593 408 2638 vel
448 2595 500 2639 V:
532 2594 609 2637 vel
633 2628 642 2638 .
670 2628 679 2637 .
706 2629 715 2638 .
741 2593 819 2637 vel
848 2595 891 2636 B
916 2594 981 2650 (et
1007 2630 1015 2638 .
1043 2629 1052 2638 .
1081 2627 1090 2636 .
1117 2594 1164 2636 et
1194 2594 1291 2650 νὸς]
1310 2593 1438 2650 Gel.).
1583 2600 1636 2638 13
1658 2609 1832 2651 procu-

147 2652 299 2696 randa
331 2653 459 2697 sunt:
490 2653 578 2697 huc
600 2666 738 2709 usque
764 2653 876 2697 Gar.
973 2656 1026 2695 14
1050 2650 1308 2695 otiantibus
1330 2652 1447 2697 Get:
1480 2652 1551 2696 uti
1581 2653 1770 2697 antibus
1792 2654 1838 2699 V

148 2710 407 2767 (utentibus
440 2712 502 2755 ad
524 2712 730 2767 praeced.
764 2711 959 2766 ‘referens
990 2711 1052 2767 B)
1068 2746 1078 2766 ,
1112 2709 1279 2754 ociosis
1311 2712 1385 2756 rb.
1417 2712 1524 2756 haec
1555 2711 1830 2768 (otiantibus

150 2768 397 2827 —digesta
429 2771 552 2836 sunt)
585 2783 666 2814 om.
699 2784 740 2827 9.
919 2768 1179 2826 pinguioris
1218 2769 1393 2815 VGel.:
1424 2770 1529 2826 plus
1561 2770 1831 2828 pinguiores

146 2828 220 2872 rB
231 2829 269 2872 b.
480 2829 623 2872 etlam
653 2827 856 2873 vexatis:
889 2827 1032 2871 etiam
1062 2827 1159 2871 iam
1191 2827 1457 2872 sollicitatis
1488 2829 1572 2877 vel,
1594 2830 1776 2875 vexatis
1807 2845 1833 2876 r

149 2887 315 2943 (solus).
410 2890 463 2930 15
489 2886 787 2931 dominantur
810 2888 868 2932 B.
962 2891 1016 2930 17
1041 2900 1161 2942 quae
1188 2887 1374 2932 rVBb:
1407 2900 1463 2932 ea
1491 2888 1585 2934 Gel.
1679 2891 1832 2934 custo-

151 2943 250 2990 dire
282 2945 451 2990 debere
481 2947 644 3005 rVBy
667 2945 785 3003 (—-ri
815 2945 983 2990 debere
1018 2945 1129 3002 (ἴοι,
1163 2945 1223 2990 -ri
1254 2945 1425 2991 debent
1456 2948 1510 3004 b).
1635 2970 1638 2973 ·
