1950 3172
191 139 260 193 18
706 140 1023 184 ΤΗΕΟΒΟΒῙ
1051 137 1350 186 Pmscumi

189 294 250 330 ex
295 293 528 329 umorum
572 277 735 328 colore
783 277 1025 340 originem
1067 289 1327 325 causarum
1375 281 1649 344 attestatur,
1694 284 1750 328 ut
1787 277 1880 328 ali-
1922 308 1934 335 ν.

189 352 383 419 quando
430 352 538 402 alba
583 351 843 416 aliquando
890 348 1041 398 rubra
1087 347 1348 413 aliquando
1398 351 1548 399 etiam
1591 352 1762 416 nigrae
1804 354 1880 402 vi-

188 426 363 477 deatur
393 428 610 492 propior.
654 430 716 495 *et
746 424 858 473 ideo
884 421 1088 487 speciali
1117 423 1409 487 purgatione
1432 426 1636 489 purgari
1658 424 1878 476 debebit.
1927 428 1950 495 ζ

187 516 302 550 113111
357 500 538 550 suadeo
591 500 732 564 prius
786 498 939 546 totius
986 498 1210 561 eorporis
1257 511 1427 547 curam
1474 503 1524 547 et
1561 497 1879 564 ¹diligentiam
1937 503 1950 559 j·

141 589 163 622 5
189 573 564 638 decernendam,
604 586 700 636 quo
733 570 944 620 ulterius
984 569 1151 619 acerbi
1187 576 1236 620 et
1275 572 1497 636 corrupti
1534 574 1723 622 umoris
1761 589 1878 638 per·
1944 565 1950 625 ἶ

185 649 365 697 tinacia
402 662 493 711 per
530 645 767 695 inferiora
806 644 1029 708 deposita
1069 659 1095 693 a
1136 646 1311 710 capitis
1348 644 1589 696 hactenus
1621 648 1875 712 inquietu-

186 721 301 770 dine
340 721 617 769 devocetur.

333 799 449 843 sunt
478 795 661 859 itaque,
694 794 737 841 si
767 791 828 841 de
860 792 1086 856 flegmate
1119 807 1265 842 causa
1296 792 1374 842 vel
1405 794 1541 858 origo
1573 795 1878 860 provenerit,

184 867 591 933 apossegmatismi
630 865 896 915 adhibendi
934 865 1071 916 taleS.
1149 866 1439 931 pyrethrum
1480 873 1529 917 et
1569 868 1704 917 stafis
1736 869 1872 932 agria

118 958 160 990 ιο
184 957 297 991 cum
336 956 485 1006 grano
525 942 758 990 mastices
798 941 970 1004 aequis
1008 939 1312 1004 ponderibus
1350 943 1504 990 mixta
1543 948 1749 991 contusa
1788 942 1873 991 ad-

182 1015 460 1083 hibeantur,
491 1021 540 1064 et
572 1014 643 1063 sal
675 1029 789 1064 cum
819 1013 984 1079 puleio
1014 1015 1282 1063 contritum
1306 1014 1536 1064 similiter
1561 1021 1610 1064 et
1633 1012 1871 1082 (sinapi)

183 1105 294 1139 cum
335 1088 546 1154 oxymeli
584 1090 794 1138 mixtum
834 1103 919 1137 ore
960 1087 1146 1137 diutius
1185 1093 1427 1138 teneatur.

330 1179 446 1228 ergo
487 1164 718 1228 quoniam
759 1161 951 1226 singula
990 1162 1262 1212 accidentia
1300 1164 1517 1229 propriis
1555 1164 1658 1212 suis
1690 1178 1871 1228 purga-

181 1237 397 1287 tionibus
443 1237 731 1303 liberantur,
778 1234 1055 1301 superaddo
1094 1238 1401 1301 purgationis
1449 1252 1605 1301 genus
1645 1237 1776 1302 quod
1816 1239 1869 1286 in

114 1326 156 1358 15
181 1327 439 1361 commune
488 1313 595 1360 sine
643 1310 845 1360 alterius
892 1311 1082 1359 umoris
1127 1310 1432 1374 praeiudicio
1473 1316 1721 1377 operetur,
1770 1326 1868 1376 quo

181 1400 322 1435 omne
360 1401 539 1450 corpus
580 1385 789 1434 diversis
827 1382 1085 1434 umoribus
1126 1384 1412 1433 infestatum
1450 1384 1658 1434 relevari
1696 1387 1868 1450 possit.

298 1532 320 1570 1
355 1527 507 1572 colore
531 1529 577 1572 Β
597 1528 700 1574 G-el:
735 1527 888 1571 calore
913 1527 983 1571 br
1079 1525 1333 1582 aliquando
1359 1526 1470 1570 alba
1494 1540 1577 1571 om.
1602 1527 1662 1572 Β.
1756 1527 1870 1571 alba

238 1587 413 1631 ,rubra
447 1587 542 1633 θεῖ.
565 1589 700 1654 (qr.):
732 1586 910 1653 rubra.
962 1585 1108 1630 ‚alba
1140 1587 1213 1631 br.
1349 1590 1374 1630 2
1409 1584 1555 1641 etiam
1585 1599 1668 1631 om.
1702 1587 1774 1632 br.

174 1624 336 1702 nigrae
368 1662 409 1691 v.
442 1645 632 1703 propior
666 1646 783 1692 θεῖ..
815 1622 953 1747 nigra
983 1644 1200 1689 videatur
1223 1646 1269 1690 Β
1279 1646 1350 1690 br
1473 1649 1499 1688 3
1530 1644 1592 1689 Ε1
1622 1644 1729 1690 ideo
1762 1659 1815 1702 sp
1819 1659 1867 1690 e-

176 1704 358 1749 cialiter
387 1721 431 1762 p
467 1706 508 1750 d.
542 1707 601 1750 rb
636 1705 713 1762 (Et
744 1706 878 1761 spato
900 1719 917 1747 1
948 1702 1229 1760 purgatione
1260 1719 1304 1760 p.
1339 1703 1382 1749 d.
1420 1704 1514 1749 Gel.
1518 1706 1558 1761 )‚
1598 1704 1869 1779 Purgantur

177 1764 292 1809 adeo
323 1764 535 1822 proprias
566 1765 752 1821 purgati
758 1763 924 1807 onibus
950 1762 1046 1806 suis
1070 1763 1129 1808 Β.
1251 1767 1280 1806 4
1302 1777 1414 1806 113111
1438 1739 1633 1808 suadeo.
1665 1763 1751 1821 χρὴ
1775 1763 1868 1821 ’γὰρ

287 1824 454 1881 &adp
458 1827 602 1869 ..326
694 1822 822 1880 prius
850 1823 909 1867 rb
945 1823 1062 1867 Gel..
1094 1821 1308 1878 proprius
1333 1824 1392 1867 Β.
1487 1824 1535 1866 31
1565 1821 1865 1880 diligentiam

174 1824 309 1927 Bsbr.
343 1882 617 1941 diligentius
653 1882 748 1928 θεῖ.
902 1885 928 1925 5
961 1895 1052 1937 quo
1086 1883 1164 1926 br.
1198 1881 1323 1937 quod.
1353 1882 1399 1925 Β
1420 1881 1515 1926 Gez.
1666 1880 1866 1926 ulterius

173 1943 218 1985 Β
238 1943 356 1987 Θεῖε
396 1957 478 1987 om.
513 1944 583 1988 br.
766 1940 1019 1998 pertinat(c
1042 1939 1134 1997 r)ia
1166 1942 1244 1996 br,
1285 1939 1558 1997 pestenacia
1588 1941 1656 1985 B:
1705 1954 1864 1998 super-

171 2000 353 2054 natatio
389 2002 485 2047 θεῖ.
668 2005 693 2045 6
725 2001 951 2045 hactenus
983 2001 1029 2044 Β
1048 2000 1166 2045 θεῖε
1200 2014 1280 2044 om.
1315 2000 1386 2044 br.
1553 2003 1577 2043 7
1611 1999 1865 2044 devocetur

173 2061 218 2103 Β
239 2061 356 2105 Gela
390 2061 649 2106 deducatur
681 2062 751 2106 br.
874 2063 901 2103 8
925 2063 1033 2126 post
1063 2057 1258 2116 (itaque)
1283 2057 1520 2102 adiutoria
1549 2058 1636 2102 hec
1668 2060 1773 2104 add.
1802 2060 1865 2104 br

173 2121 282 2173 <raon
312 2120 501 2177 Raab).
625 2133 768 2165 causa
798 2118 875 2164 vel
906 2117 1037 2175 origo
1068 2117 1115 2161 Β
1135 2117 1254 2163 Gela
1287 2131 1534 2162 causarum
1565 2117 1694 2174 origo
1728 2119 1798 2163 br.

169 2178 435 2234 provenerit
464 2180 526 2225 rb
543 2180 662 2225 θεῖε
695 2177 1028 2236 pre(p)venerit
1057 2177 1117 2222 Β.
1315 2181 1340 2220 9
1374 2175 1520 2233 33Ρ111
1552 2179 1676 2233 (ante
1707 2177 1863 2234 apofl.)

170 2238 275 2282 add.
305 2238 401 2283 Gel.
508 2238 915 2311 apoflegmatismu
940 2238 1007 2292 (—
1015 2235 1163 2280 ticum
1186 2241 1292 2280 ante
1317 2250 1430 2281 corr.
1456 2237 1514 2292 b)
1540 2234 1861 2280 adhibendum

170 2298 243 2340 est
272 2296 369 2340 tale
400 2299 460 2342 rb
494 2295 899 2365 (ἀποφλεγματικά
934 2295 1060 2352 θεῖ).
1197 2294 1430 2339 Piretrum
1462 2297 1510 2339 et
1541 2294 1861 2353 staphisagria

170 2369 275 2399 eum
305 2369 450 2412 grano
483 2356 694 2402 masticis
720 2355 966 2423 equalibus
989 2370 1033 2411 Ρ
1060 2353 1209 2398 mixta
1240 2355 1288 2398 et
1326 2356 1523 2399 contusa
1547 2353 1863 2399 adhibeantur

168 2415 227 2461 Β.
260 2430 304 2471 Ρ.
338 2417 386 2459 31
418 2416 639 2472 staphida
671 2430 855 2483 agriam
886 2428 991 2459 cum
1021 2412 1180 2471 granis
1214 2413 1374 2469 aequis
1405 2429 1449 2471 p.
1482 2412 1632 2457 mixta
1664 2414 1861 2457 contusa

170 2474 396 2518 adhibeas
439 2475 535 2520 θεῖ.
578 2477 631 2532 (Ρ
634 2474 767 2519 iretri
806 2476 854 2519 et
892 2472 1154 2532 stafisagrie
1205 2486 1405 2530 granum
1451 2472 1583 2529 equis
1625 2487 1668 2529 p.
1709 2471 1861 2517 mixta

170 2535 364 2577 contusa
396 2533 569 2578 adhibe
600 2550 626 2580 r
656 2540 698 2580 et
726 2534 940 2591 piretru
969 2570 976 2578 .
1006 2569 1014 2577 .
1050 2519 1245 2576 adhibes
1279 2534 1334 2589 b)
1458 2536 1512 2576 11
1538 2533 1586 2576 et
1609 2530 1722 2575 salis
1748 2544 1784 2577 c.
1809 2546 1856 2588 Ρ

170 2591 357 2635 contriti
389 2591 606 2637 similiter
630 2595 677 2638 et
700 2608 806 2638 cum
831 2570 1062 2648 oxymelle
1092 2590 1230 2635 mixti
1261 2590 1356 2635 sint
1377 2592 1432 2635 ut
1456 2591 1498 2636 d.
1523 2591 1773 2635 teneantur
1795 2592 1858 2647 Β,

170 2651 252 2692 331
290 2650 361 2693 sal
400 2665 436 2696 3.
477 2666 520 2708 p.
562 2652 766 2697 contrita
813 2650 1029 2696 similiter
1069 2652 1116 2695 et
1154 2664 1189 2695 3.
1236 2649 1453 2695 oximelle
1498 2649 1648 2694 mixta
1694 2662 1772 2693 ore
1810 2649 1854 2695 d.

167 2709 416 2751 teneantur
459 2711 553 2754 Gel.
606 2711 694 2767 (sal
741 2726 846 2756 oum
890 2710 1045 2768 poleio
1093 2708 1346 2754 contritum
1391 2711 1439 2754 et
1485 2723 1590 2753 eum
1637 2707 1855 2752 oximelle

167 2765 365 2809 mixtum
397 2780 474 2811 ore
507 2768 549 2813 d.
582 2770 799 2814 teneatur
829 2786 853 2815 r
863 2773 918 2828 b).
1087 2768 1243 2826 sinapi
1273 2770 1438 2814 addidi
1468 2782 1525 2813 ex
1552 2783 1620 2826 yr.
1653 2772 1792 2813 teoetu.

167 2824 390 2880 quoniam
420 2827 465 2869 Β
487 2826 602 2871 Gel.:
636 2829 746 2883 quia
778 2831 848 2874 br.
1087 2832 1140 2872 13
1175 2827 1534 2885 purgationibus
1566 2826 1762 2884 (-nib0)
1793 2828 1852 2871 Β.

169 2888 224 2930 14
257 2883 382 2939 quod
412 2882 463 2927 in
493 2897 734 2930 commune
766 2889 811 2931 B
829 2888 945 2932 Gelu
980 2900 1221 2932 commune
1245 2889 1298 2931 ut
1321 2888 1393 2933 br.
1488 2890 1542 2930 15
1569 2900 1660 2943 quo
1677 2886 1760 2943 (qd
1775 2886 1854 2943 rb)

243 2941 475 2988 relevari
506 2957 531 2986 r·
540 2945 564 2988 b
585 2944 702 2989 Gez..
737 2946 895 3000 quod.
962 2945 1202 2990 ,relevare
1233 2948 1292 2991 Β
