1988 3184
765 0 776 7 ·
813 0 849 14 η
859 0 1197 33 wnw-vwwx
1207 0 1416 39 {fissa-*ges*-
1448 25 1479 30 ,,
1488 0 1492 21 :
1559 7 1570 32 ,·
1579 6 1611 19 ---
1624 1 1644 19 12

1026 38 1034 45 «
1131 29 1321 58 *·„·‘.'*·‘·vffi·
1355 28 1444 37 .-<*.
1478 31 1503 48 ,ᾖ
1542 30 1551 36 -
1603 27 1610 39 ἓ
1643 30 1654 46 T.

167 134 179 144 ·
207 138 316 193 318
645 106 648 110 ’
758 115 1334 210 Pssnno-Tflsonom

204 271 383 329 foniae,
429 271 662 328 mastices,
708 269 900 328 piperis
932 269 1096 314 uncias
1140 270 1366 328 singulas.
1407 271 1566 317 omnia
1603 286 1710 318 cum
1753 269 1921 323 mello*-

202 339 331 383 trita.
379 339 401 382 I
432 337 641 382 cocleare
679 350 817 381 mane
856 338 905 380 et
943 349 1047 381 sero
1088 336 1306 393 accipiat.
1353 336 1563 394 lapidem
1600 342 1814 398 gagaten.
1843 341 1897 388 in

127 398 145 414 ⁸
205 419 329 461 aqua
359 404 556 449 fontana
587 403 736 461 bibat.
1509 434 1516 440 -
1854 439 1855 442 η
1890 394 1925 432 ’Ψ

319 471 392 515 Ut
421 483 615 515 vocem
655 469 871 514 claram
899 468 1101 515 facias,
1131 470 1459 516 ¹raucedinem
1490 473 1733 531 emendas,
1773 473 1814 518 si
1843 473 1896 519 in
1928 467 1945 511 ss

78 566 81 568 v
157 551 178 584 5
201 537 372 582 balneo
405 536 577 581 clames
611 538 694 580 aut
726 536 829 581 oleo
861 535 1130 594 gargarizes
1161 537 1238 582 vel
1270 536 1311 581 si
1338 539 1703 595 tragacantham
1733 540 1785 584 in
1814 555 1894 589 ore

199 603 426 660 tenueris,
466 602 542 647 vel
591 602 631 646 si
672 617 762 648 ova
798 602 918 647 trita
957 602 1143 647 ieiunus
1183 603 1358 649 cotidie
1402 604 1669 651 absorbeat.
1715 606 1892 665 piperis

126 678 151 700 ⁰
198 684 347 727 grana
377 669 428 713 in
459 683 536 713 ore
567 671 729 714 teneto
756 669 837 713 diu
862 672 911 714 et
942 669 1143 715 salivam
1166 669 1354 714 assidue
1380 670 1568 717 devora.
1616 672 1760 718 cirros
1783 687 1893 731 por—
1949 675 1951 677 ’

197 750 354 781 rorum
393 751 498 780 cum
537 750 662 802 aqua
700 736 898 781 fontana
937 750 1107 793 coques
1147 750 1320 793 eosque
1360 750 1467 781 cum
1512 737 1664 782 melle.
1694 741 1891 784 mandu-
1947 786 1951 790 ,

197 802 342 859 cabis,
376 805 424 847 εὴ
453 802 607 860 ipsam
639 817 812 859 aquam
842 818 948 848 cum
978 803 1118 848 melle
1148 803 1339 861 potabis
1829 828 1835 832 -

131 888 174 919 10
316 869 539 913 Tussim
569 883 792 926 magnam
823 869 1001 914 excitat
1023 869 1180 914 resina
1203 869 1391 927 pituina
1422 870 1679 916 masticata
1710 874 1758 916 et
1787 872 1890 930 glu-
1958 912 1963 914 .

195 937 300 981 tita.
348 935 475 980 idem
513 936 630 980 facit
674 936 865 981 seminis
905 939 1041 981 rutae
1080 936 1318 981 folliculus
1350 937 1628 982 masticatus
1661 953 1891 996 sucusque

195 1003 453 1114 gIUtlitlgm
500 1070 569 1113 ad
614 1069 831 1114 tussim.
894 1070 1163 1115 vettonicae
1201 1077 1229 1121 5
1260 1070 1326 1113 ΠΙ
1365 1084 1471 1114 cum
1515 1069 1656 1116 melle
1702 1072 1889 1118 ieiunus

195 1136 381 1194 glutiat.
430 1135 655 1180 trociscus
697 1136 1048 1193 diaspermaton
1089 1137 1151 1181 ad
1187 1136 1361 1181 multos
1390 1139 1395 1194 Ι
1424 1139 1484 1194 (p.
1513 1140 1615 1195 103)
1655 1153 1766 1183 usus
1808 1154 1889 1185 ne-

128 1220 170 1252 15
196 1203 436 1248 cessarius
471 1203 664 1248 feniculi
697 1203 887 1248 seminis
918 1215 978 1253 ÷
1000 1205 1043 1260 Ι,
1085 1204 1214 1248 aneti
1255 1204 1445 1249 seminis
1476 1216 1537 1254 -ζ-
1560 1205 1602 1262 Ι,
1643 1205 1741 1262 opii
1770 1215 1830 1256 ÷
1852 1207 1888 1264 Ι,

196 1271 279 1315 sed
318 1270 476 1327 opium
524 1270 741 1315 semotim
783 1270 920 1328 teris,
966 1272 1108 1314 tunsa
1148 1273 1196 1315 et
1241 1270 1491 1316 cribellata
1529 1270 1581 1315 in
1617 1271 1791 1329 pilulas
1831 1287 1887 1317 ex

195 1351 318 1394 aqua
351 1336 534 1394 colligis
568 1333 630 1381 ad
654 1337 806 1395 lupini
837 1337 1215 1394 magnitudinem
1238 1340 1287 1383 εὴ
1312 1339 1396 1382 das
1419 1338 1626 1395 patienti
1656 1339 1707 1383 in
1730 1339 1887 1384 calida

194 1419 317 1460 aqua
348 1403 518 1448 ieiuno.
567 1406 798 1449 testarum
838 1405 895 1448 dc
934 1403 1104 1448 cocleis
1144 1404 1313 1449 cineris
1353 1405 1563 1450 cocleare
1587 1406 1609 1449 I
1640 1420 1746 1450 cum
1775 1406 1886 1451 vino

191 1470 325 1528 potui
367 1472 530 1515 datum
568 1471 773 1528 prodest.
823 1469 979 1532 adipis
1018 1471 1221 1521 recentis
1260 1482 1320 1521 —3—
1351 1472 1372 1515 I
1412 1472 1644 1528 decoques
1690 1473 1741 1516 in
1786 1472 1886 1517 vini

127 1553 168 1584 20
193 1537 344 1594 cyntis
390 1528 543 1581 tribus
584 1540 632 1582 et
679 1537 825 1581 addes
874 1536 1029 1580 mellis
1068 1538 1314 1595 pusillum,
1361 1538 1507 1582 facies
1546 1538 1721 1595 pilulas
1754 1542 1802 1584 et
1831 1542 1886 1584 ut

192 1603 367 1660 glutiat
407 1604 563 1661 dabis,
612 1601 817 1660 prodest.
868 1617 1030 1648 sevum
1069 1604 1313 1662 caprinum
1352 1604 1402 1648 in
1440 1604 1574 1662 pulte
1615 1605 1766 1650 alicae
1806 1606 1884 1650 de·
1970 1636 1973 1638 -

193 1673 376 1714 coctum
408 1671 533 1734 dato,
568 1671 691 1715 edat.
716 1669 1026 1727 'parietariae
1058 1670 1233 1715 herbae
1266 1685 1402 1733 sucus
1437 1671 1565 1728 cyati
1589 1671 1726 1716 unius
1757 1686 1884 1717 men·
1942 1696 1945 1698 ·
1986 1672 1988 1676 ’

193 1751 300 1780 sura
330 1737 464 1793 potui
498 1737 650 1793 datus,
682 1737 851 1780 mirum
884 1739 967 1782 est.

310 1804 450 1848 Item
489 1805 557 1847 ad
595 1804 885 1861 pthisicos
933 1807 988 1849 et
1026 1804 1283 1849 thoracis
1325 1803 1566 1849 dolores.
1615 1803 1732 1848 folia
1761 1819 1882 1849 mar-

125 1882 167 1914 25
190 1869 316 1913 rubii
355 1884 459 1913 cum
506 1871 680 1915 semine
730 1886 834 1915 cum
874 1885 998 1927 aqua
1038 1870 1208 1927 coques
1253 1873 1301 1915 et
1332 1871 1485 1927 ipsam
1531 1885 1704 1926 aquam
1746 1871 1882 1928 potui
1946 1887 1956 1897 ·

193 1935 340 1980 dabis.
387 1937 577 1993 pineam
608 1940 655 1982 et
687 1937 989 1995 tragacanthi
1018 1948 1079 1986 -ζ-
1102 1938 1124 1981 I
1154 1937 1205 1981 in
1235 1937 1347 1982 vino
1377 1936 1528 1981 veteri
1554 1937 1783 1992 decoques
1811 1936 1882 1981 ita

112 2027 116 2031 ·
191 2005 244 2046 nt
283 2002 469 2047 assidue
511 2004 567 2047 de
608 2005 792 2049 surculo
826 2004 1006 2061 agiteS‚
1056 2007 1104 2048 εὴ
1141 2006 1307 2061 postea
1351 2002 1527 2047 adicies
1569 2002 1746 2059 piperis
1777 2002 1883 2047 triti
1958 2013 1962 2017 ·

190 2083 338 2124 grana
371 2069 429 2126 C,
478 2070 635 2126 spicae
682 2071 820 2115 nardi
864 2070 987 2128 scrip
1026 2071 1091 2127 ΙΙ,
1141 2070 1338 2115 storacis
1387 2069 1509 2126 scrip
1543 2068 1599 2125 V,
1631 2069 1791 2114 mittes
1829 2069 1880 2112 in

32 2170 45 2181 .
100 2153 102 2155 ·
189 2135 426 2191 mortario,
462 2138 509 2179 et
540 2135 639 2180 vini
670 2137 907 2183 modicum
937 2137 1099 2182 mittes
1115 2174 1125 2194 ‚
1159 2140 1207 2182 εὴ
1238 2139 1451 2182 conteres
1484 2137 1714 2180 storacem
1745 2138 1800 2180 ut
1830 2149 1879 2180 se

124 2213 166 2244 30
184 2201 503 2258 commisceat,
539 2205 586 2246 et
615 2203 776 2248 mittes
809 2218 930 2260 quae
972 2207 1106 2248 cocta
1139 2206 1260 2248 sunt.
1309 2202 1486 2247 adicies
1524 2202 1679 2247 mellis
1712 2202 1879 2259 despu-

188 2267 306 2311 mati
339 2268 639 2313 acetabulum
662 2271 696 2327 Ι,
730 2273 777 2315 et
811 2271 965 2315 denuo
990 2284 1214 2327 recoques
1238 2272 1292 2314 ut
1314 2270 1399 2314 fiat
1422 2264 1579 2314 mellis
1601 2268 1876 2321 crassitudo.

188 2334 238 2378 in
263 2348 310 2378 se
336 2334 567 2379 coclearia
600 2336 787 2394 singula
817 2352 954 2382 mane
982 2340 1138 2381 sumat
1166 2339 1213 2381 et
1245 2350 1362 2394 sero,
1399 2335 1497 2380 sive
1529 2338 1678 2380 terna.
1710 2335 1798 2379 hoc
1830 2337 1878 2379 εὴ

114 2404 116 2406 ’
189 2400 250 2443 ad
282 2414 360 2444 eos
394 2401 475 2457 qui
505 2402 808 2458 purulentum
841 2407 1062 2448 excreant
1093 2403 1223 2448 facit.

307 2539 329 2575 1
364 2534 575 2577 masticis
609 2537 647 2580 b.
771 2548 937 2584 ana÷
966 2537 1000 2582 Ι.
1028 2539 1052 2582 b
1098 2521 1101 2524 ⁵
1211 2541 1236 2580 2
1270 2549 1385 2581 sero.
1410 2535 1444 2580 I.
1481 2517 1683 2591 (iterum)
1716 2548 1811 2579 acc.
1836 2535 1875 2580 b.

187 2611 215 2648 4
236 2606 409 2650 clamis
444 2609 546 2662 (sic)
581 2610 618 2652 b.
803 2615 828 2654 5
855 2599 974 2667 drag
1001 2612 1103 2667 (sic)
1139 2612 1176 2655 b.
1369 2613 1396 2652 8
1426 2608 1683 2653 manducas
1717 2609 1755 2653 b.

190 2668 244 2706 10
262 2665 443 2709 Tussim
463 2667 577 2721 (hic)
598 2670 623 2712 b
648 2674 688 2733 ct
711 2683 815 2713 mooe
833 2671 904 2724 (in
919 2671 1080 2726 rubr).
1183 2673 1237 2712 13
1253 2667 1477 2727 Betom‘ce
1495 2670 1551 2713 b.‘
1630 2672 1683 2711 18
1700 2666 1817 2710 cinis
1835 2668 1873 2712 b.
1953 2719 1955 2721 ,

190 2756 243 2793 19
274 2751 435 2807 adipes
467 2742 616 2800 rsssstes
650 2758 686 2800 b.
781 2761 836 2800 20
873 2757 1009 2801 addis
1043 2759 1081 2802 b.
1173 2754 1362 2802 facis‘b.
1493 2760 1550 2800 22
1580 2754 1810 2814 paritarie
1834 2756 1872 2799 b.

99 2855 105 2860 .
236 2867 245 2875 .
273 2815 639 2876 fucandas-1
673 2818 710 2860 b.
835 2821 892 2859 24
922 2816 1130 2872 typsicos
1164 2818 1202 2861 b.
1322 2821 1382 2859 -26
1415 2816 1533 2872 drag
1555 2816 1594 2860 b.
1704 2818 1757 2858 27
1789 2813 1873 2880 pip

186 2869 302 2910 tntu
335 2870 373 2911 b.
466 2875 521 2914 28
553 2873 703 2917 mittis
737 2875 774 2918 b.
861 2879 916 2918 29
940 2874 1091 2918 mittis
1117 2877 1154 2919 b.
1249 2874 1451 2919 conteris
1476 2875 1515 2919 b.
1608 2877 1664 2917 30
1693 2872 1872 2917 zmjttls

183 2944 219 3001 ᾖ
247 2926 384 2984 cocta
409 2945 510 2999 (sic)
545 2946 583 2989 b.
674 2946 767 2990 mel
800 2947 1079 3003 despumatfi
1111 2946 1379 2991 accitabulfi
1412 2941 1450 2992 b.
1544 2952 1598 2991 31
1634 2942 1807 3006 denuo*³
1830 2946 1869 3005 b.
