1988 3184
82 1255 104 1294 1

75 1453 101 1492 2

813 954 986 1012 Incipit
1015 954 1137 1000 liber

287 1037 354 1095 de
400 1036 713 1095 virtutibus
758 1036 1170 1109 pigmentorum
1216 1035 1311 1093 vel
1357 1035 1658 1093 herbarum

755 1140 1203 1197 aromaticarum.

255 1249 396 1293 Aloe
427 1249 651 1293 virtutem
680 1248 827 1292 habet
858 1248 1086 1306 calidam,
1120 1251 1168 1293 et
1199 1247 1433 1292 confortat
1465 1250 1512 1291 et
1546 1248 1691 1291 siccat
1723 1250 1816 1291 sto·

133 1314 364 1371 maehum,
398 1317 532 1359 curat
561 1314 769 1370 vulnera,
801 1314 1052 1370 praecipue
1282 1316 1493 1370 naturae,
1526 1313 1642 1357 facit
1675 1316 1722 1357 et
1754 1314 1815 1357 ad
1860 1329 1882 1361 5

133 1384 338 1426 tumores
362 1380 547 1425 narium
568 1380 645 1424 vel
669 1379 761 1424 oris
787 1379 864 1424 vel
889 1379 1140 1424 oculorum.

251 1447 623 1491 Absinthium
669 1445 876 1489 calidum
921 1445 1111 1501 quidem
1157 1447 1229 1489 est
1273 1444 1593 1501 mediocriter,
1642 1444 1815 1488 siccum

132 1527 243 1558 vero
282 1515 354 1557 est
392 1513 702 1557 vehementer.
745 1513 793 1555 et
832 1524 967 1554 sucus
1009 1511 1108 1555 eius
1148 1511 1295 1555 multo
1336 1510 1535 1554 calidior
1566 1512 1639 1554 est
1673 1525 1814 1565 quam

131 1580 290 1624 herba.
324 1579 558 1623 confortat
590 1577 882 1622 stomachum
914 1580 962 1622 et
992 1577 1058 1622 fel
1079 1577 1287 1634 rubeum,
1319 1590 1403 1633 per
1426 1578 1638 1620 ventrem
1662 1579 1709 1620 et
1731 1589 1814 1632 per

130 1645 316 1690 urinam
339 1644 544 1701 deducit,
568 1657 711 1689 venas
737 1657 920 1699 quoque
939 1643 1090 1700 epatis
1113 1645 1299 1700 purgat,
1325 1644 1380 1686 et
1404 1644 1490 1686 est
1513 1642 1813 1686 maximum
1838 1657 1878 1688 10

131 1711 483 1756 adiutorium
516 1711 593 1762 ad
616 1709 1090 1754 constrictionem
1122 1708 1322 1765 epatis.

249 1778 319 1820 At
330 1776 569 1833 riplices
601 1775 789 1819 umidae
822 1778 929 1819 sunt
954 1774 1144 1831 quidem
1165 1774 1304 1818 nimis
1330 1776 1378 1818 et
1401 1773 1603 1830 frigidae
1635 1773 1811 1817 medio-

130 1843 280 1888 criter.
339 1842 573 1899 stypticen
627 1854 810 1897 quoque
862 1841 1087 1885 'virtutem
1130 1840 1378 1899 <nullam>
1425 1840 1590 1895 habet,
1646 1841 1694 1883 et
1739 1841 1811 1883 est

130 1922 328 1965 aquosa,
372 1907 765 1962 quemadmodum
802 1907 971 1951 malva.
1013 1907 1129 1951 facit
1162 1907 1223 1950 ad
1252 1909 1471 1962 tumores,
1521 1906 1561 1949 si
1594 1905 1697 1961 quis
1730 1919 1808 1949 eas

129 1978 292 2020 tunsas
323 1973 471 2018 veluti
504 1973 795 2046 cataplasma
833 1972 1121 2029 imposuerit.
1164 1986 1320 2016 semen
1357 1972 1564 2029 ipsarum
1595 1971 1657 2015 ad
1688 1970 1810 2014 auri·
1835 1986 1876 2018 15

129 2041 288 2098 ginem
325 2039 454 2095 facit,
504 2038 550 2082 si
596 2039 725 2093 quis
765 2038 1114 2123 coclearium
1157 2038 1291 2083 triti
1328 2037 1387 2081 in
1434 2037 1626 2097 calida
1665 2050 1809 2092 aqua

130 2106 373 2151 dederit.
452 2110 464 2121 ⁶

247 2278 270 2317 1
311 2272 446 2330 Incip
474 2273 560 2316 Lib
584 2269 695 2315 ΠΙΠεἰ
729 2275 812 2328 (sic
850 2287 962 2318 corr.
992 2275 1047 2317 iu
1083 2287 1174 2317 ras.
1204 2285 1293 2329 pro
1323 2272 1387 2315 L.
1412 2275 1486 2327 ,.).
1520 2272 1729 2315 Uirtutes
1759 2286 1804 2327 p.

125 2333 202 2378 vel
231 2332 484 2376 herbarum
514 2331 796 2375 aromaticas
831 2334 914 2387 (sic
936 2333 1030 2376 cod.
1060 2331 1114 2387 G,
1147 2332 1227 2375 ubi
1255 2332 1476 2385 rubricas,
1506 2332 1619 2375 satis
1648 2331 1807 2375 inscite

124 2394 208 2437 has
238 2392 430 2448 quidem,
462 2395 504 2435 et
532 2404 741 2434 numeros
764 2391 932 2435 adiecit
963 2391 1214 2444 librarius).
1305 2395 1334 2432 4
1357 2388 1508 2432 Alcen
1537 2389 1591 2433 G.
1686 2392 1803 2444 (etc.)

126 2453 384 2495 stomacum
403 2451 488 2505 (sic
505 2452 695 2505 semper)
718 2449 772 2493 G
835 2453 861 2491 5
884 2448 1121 2505 precipua.
1145 2446 1339 2505 pinimie
1356 2449 1522 2491 nature
1544 2447 1586 2491 G
1602 2448 1697 2503 (καὶ
1722 2446 1806 2503 μά-

124 2513 255 2553 λιστα
285 2508 343 2552 τὰ
374 2506 485 2551 καθ’
522 2506 664 2563 ἕδραν
694 2523 743 2551 τε
775 2507 857 2550 καὶ
888 2505 1100 2563 αἰδοῖον)
1205 2510 1229 2549 7
1262 2505 1541 2549 Absentium
1573 2506 1626 2549 G.
1692 2510 1804 2549 7—9

123 2570 182 2623 cf.
213 2567 380 2611 Theod.
414 2567 476 2611 di.
501 2570 573 2610 10
612 2565 732 2610 Orib.
761 2566 908 2622 simpl.
937 2568 1012 2621 (ex
1046 2565 1149 2609 Gal.
1181 2565 1237 2620 cf.
1264 2563 1434 2608 Anecd.
1465 2564 1564 2608 GL.
1586 2565 1656 2619 II,
1681 2567 1802 2620 114).

125 2632 151 2670 9
182 2625 370 2669 rubium
403 2624 457 2669 G.
698 2629 753 2668 10
783 2623 1002 2667 hurinam
1037 2624 1090 2668 G.
1276 2627 1445 2666 10—11
1478 2624 1586 2667 haec
1615 2624 1680 2666 sic
1710 2623 1804 2679 ipsc

122 2686 256 2730 addit
285 2685 551 2740 epitomator
583 2685 655 2738 (ut
683 2684 736 2726 iu
766 2684 1052 2748 sequentibus
1079 2696 1193 2748 quae
1235 2682 1434 2726 diductis
1473 2682 1633 2726 litteris
1663 2682 1803 2739 siqui-

121 2743 292 2799 ficavi).
414 2746 469 2785 12
502 2740 694 2785 humide
728 2740 783 2785 G.
907 2745 962 2785 13
995 2740 1087 2797 stip
1089 2739 1182 2783 tice
1218 2740 1271 2784 G.
1433 2739 1613 2783 nullam
1643 2741 1806 2784 addidi

121 2816 178 2847 ex
212 2801 334 2846 Orib.
370 2800 534 2856 (Gal).
685 2799 797 2843 abet
830 2801 914 2855 (sic
943 2800 1198 2856 saepissime
1228 2800 1359 2854 cod).
1495 2802 1551 2842 14
1583 2798 1804 2854 quemad-

121 2860 263 2904 modfi
295 2858 406 2903 alba
441 2858 495 2903 G.
618 2862 673 2902 15
706 2858 1046 2915 cataplasmam
1075 2857 1334 2915 inposuerit
1369 2857 1424 2902 G.
1548 2862 1601 2902 16
1634 2856 1803 2902 coclia-

121 2919 244 2963 rium
277 2917 331 2962 G.
456 2916 622 2962 tritum
655 2916 710 2963 G.
832 2916 968 2961 calda
1004 2917 1058 2961 G.

1451 2989 1537 3034 26*
