1988 3184
162 22 165 23 γ
203 23 207 25 μ
243 19 248 23 .
384 20 397 31 ,.
418 33 422 36 ,
582 42 585 45 ⁴
644 0 666 19 ‹-
707 0 756 35 22ss
775 0 932 46 ‚sc-jwrss,
950 14 1051 47 m
1110 0 1663 49 *zaessffawa
1682 26 1790 50 a

161 52 164 58 ¹
220 47 225 60 ³
306 63 307 67 ,
545 47 562 51 “
728 47 740 59 ’·
1006 46 1137 71 ,rs-..⁴
1157 48 1163 54 ⁴·
1194 51 1204 61 a
1240 63 1242 65 .
1316 51 1333 62 -1
1352 47 1375 62 a
1413 51 1468 67 „a
1512 47 1533 63 .«⁴
1611 60 1614 61 γ
1638 52 1641 53 ⁷
1665 49 1668 54 ·
1721 51 1734 55 κ
1750 45 1778 60 -η-
1806 56 1814 60 .
1836 53 1853 62 1

122 149 126 153 ,
199 88 323 144 ’466
713 76 1063 132 vmmcnm'r
1083 68 1419 135 dffimm-
1807 67 1828 79 “’

204 223 422 268 'concava
458 219 666 265 fasciunt
703 217 906 276 speciem
942 217 1042 261 lut-n*
1072 216 1150 262 vel
1188 217 1253 262 ad
1289 230 1489 275 quorum
1525 208 1905 274 conpressionein

213 280 410 327 format9
438 282 627 324 nausus.
674 278 786 322 Ideo
833 290 954 333 quae
994 275 1151 321 dictae
1199 277 1310 320 sunt
1347 289 1515 346 genue.
1562 280 1657 332 qua
1701 274 1905 333 genibus
1951 277 1988 338 ,ssa

212 355 445 400 nixerunt.
484 353 618 397 Hanc
656 365 756 396 rem
787 349 828 394 si
857 354 894 406 ἐἶ
925 348 1016 394 dol'
1051 351 1218 394 coacta
1250 351 1360 394 sunt
1391 349 1432 407 (Γ
1434 352 1451 407 >
1479 348 1797 407 potentiorem
1827 363 1904 396 ro·
1979 343 1984 401 ἦ

214 416 311 472 gat.
342 413 450 457 Non
482 410 601 455 dicit
629 424 715 468 per
745 409 932 454 culmen
962 408 1170 466 corporis
1202 411 1358 466 caput.
1393 408 1476 453 sed
1497 422 1612 466 rogo
1636 407 1793 465 inquit
1817 422 1907 466 per

215 485 430 530 genuam.
476 469 709 515 Continuo
741 466 888 513 etiam
919 467 1044 512 oculi
1081 467 1391 512 lacrimantur
1429 467 1541 524 quia
1578 469 1746 512 natum
1775 468 1906 524 quod
1954 470 1957 472 ’

214 531 381 576 volunt
411 529 463 573 in
491 531 626 573 utero
657 529 871 572 materno
904 527 1075 583 quibus
1109 525 1290 571 sociata
1320 526 1522 572 fuissent
1551 529 1710 572 utrum
1739 526 1902 585 gemit.

212 590 303 634 Illa
336 590 447 633 dum
476 587 604 645 parit
633 586 781 644 vagit.
814 586 900 631 Ille
933 586 1046 630 dum
1075 585 1288 630 nascitur
1319 588 1479 631 ament
1500 586 1711 631 nondum
1739 585 1906 631 hilari-

212 649 328 693 tatis
360 647 510 692 vitam
541 645 868 691 adhibiturum
899 644 1045 689 etiam
1083 645 1264 689 luctum
1302 645 1427 703 gerit
1470 645 1632 690 oculus
1671 659 1793 702 quae
1822 645 1905 691 vix

213 709 333 752 bene
363 706 640 764 parentibus
674 704 927 750 effundent.
960 704 1200 748 Lacrimas
1231 704 1367 762 vagit
1389 719 1484 749 una
1514 705 1574 749 lis
1608 718 1715 749 suos
1746 718 1905 763 perse-

214 766 385 823 quitur.
427 768 475 810 et
507 766 763 820 antequam
794 763 915 808 sciat
945 763 1057 808 flore
1088 763 1235 808 novit.
1277 763 1427 808 scient
1464 763 1690 809 videlicet
1718 778 1907 810 menses

213 825 456 870 hominum
495 826 543 869 et
580 823 667 867 illa
707 822 925 867 caelestis
966 823 1099 880 origo
1137 822 1470 868 infelicitatem
1510 823 1770 881 praedicat.
1821 823 1906 868 sed.

213 884 376 928 multis
408 883 551 928 audio
585 897 633 927 se
666 883 855 938 quando
889 882 1112 927 dicentes,
1152 883 1253 927 Hoc
1284 881 1441 927 infans
1481 897 1587 927 cum
1617 882 1781 940 tetigit
1809 885 1905 928 ter-

213 988 316 1017 ram
338 986 502 1017 vocem
527 972 622 1016 dat.
646 971 736 1015 hoc
762 970 802 1014 si
827 971 917 1015 scit
939 971 1216 1016 mulieribus
1241 971 1322 1027 qui
1346 971 1396 1015 in
1419 986 1540 1017 nave
1563 953 1905 1030 pgapaeorrj-

213 1034 352 1077 reunt
382 1031 543 1076 vitalis
577 1032 700 1076 esset
730 1033 907 1087 partus.

335 1092 448 1148 (212)
480 1093 533 1134 ut
566 1090 686 1134 scias
719 1089 835 1146 quid
866 1089 1036 1134 mulier
1065 1104 1301 1147 pregnans
1339 1090 1391 1134 in
1428 1092 1562 1135 utero
1602 1090 1824 1135 habuerit
1853 1090 1906 1134 in

217 1151 410 1195 dextera
441 1152 576 1206 parte
610 1148 824 1194 stabiliet
856 1163 1015 1194 semen
1047 1164 1181 1194 suum
1221 1149 1420 1206 septimo
1458 1164 1618 1195 mense
1649 1152 1820 1195 movet.
1854 1149 1906 1193 in

215 1209 407 1254 sinistra
436 1212 571 1266 parte
613 1211 660 1253 et
699 1208 860 1253 oculus
899 1208 1069 1253 mulier
1106 1209 1315 1253 tumidus
1349 1210 1473 1267 (-d)
1504 1209 1731 1254 habet-et
1767 1209 1905 1254 tarde

216 1269 491 1313 ambulavit.
528 1268 576 1312 Si
599 1282 796 1325 puerum
818 1268 1041 1312 habuerit
1065 1267 1280 1313 stabiliet
1304 1282 1463 1313 semen
1486 1284 1622 1313 suum
1645 1268 1696 1312 in
1713 1268 1905 1313 sinistra

216 1330 351 1385 parte
384 1328 583 1385 septimo
615 1341 774 1372 mense
812 1326 958 1372 vertit
998 1342 1046 1372 se
1077 1327 1129 1372 in
1168 1328 1411 1378 dexteram
1446 1330 1632 1386 partem
1664 1330 1713 1373 et
1745 1327 1906 1372 oculos

215 1387 385 1431 mulier
417 1387 602 1431 clausus
635 1387 846 1431 habebit.
1600 1420 1603 1421 ν

333 1449 424 1503 (22)
458 1446 549 1491 Cur
580 1460 691 1503 ergo
723 1446 880 1491 infans
903 1461 998 1491 non
1021 1446 1232 1503 loquitur
1256 1447 1339 1491 sed
1361 1446 1590 1504 vagitum.
1625 1448 1753 1491 certa
1779 1445 1906 1490 ratio

216 1508 299 1550 cst.
335 1505 447 1561 quia
479 1521 569 1565 que¹
604 1506 767 1550 dentes
800 1521 895 1550 non
925 1506 1073 1550 habet
1102 1520 1198 1550 non
1228 1506 1402 1550 formas
1427 1506 1513 1550 illa
1538 1506 1649 1549 dum
1679 1505 1903 1562 loquitur.

212 1565 390 1666 Pentes
431 1568 590 1609 autem
627 1565 790 1610 nostri.
841 1572 1073 1622 organeca
1119 1567 1240 1610 sunt.
1289 1580 1486 1621 quorum
1532 1566 1672 1609 modo
1719 1564 1906 1622 flagerit

234 1638 391 1680 mgua.

336 1683 529 1741 [Incipit
562 1685 619 1728 de
651 1684 883 1729 mulieria.
