1950 3172
670 139 1113 190 ADDITAMENTA.
1622 144 1692 197 28
1703 147 1724 196 l

4 262 38 302 ²⁸
54 277 208 335 ipsam
243 278 439 323 herbam
477 277 668 322 crudam
705 276 869 322 tritam
899 276 1072 334 (cum)
1101 277 1240 322 melle
1278 276 1529 334 imponito,
1574 277 1736 322 statim

56 346 206 389 sanat.
253 344 371 389 haec
402 345 451 388 et
481 343 638 388 omnia
666 343 862 388 vulnera
893 356 973 387 seu
1005 342 1126 388 ferro
1159 357 1239 388 seu
1270 357 1426 388 morsu
1457 357 1627 388 canum
1654 343 1733 389 vel

55 410 301 455 undelibet
339 410 434 455 sint
472 409 600 454 facta
639 411 788 454 sanat.
838 408 1005 453 bulbos
1038 423 1143 454 cum
1172 410 1311 454 melle
1341 412 1440 455 tere
1472 412 1520 455 et
1548 410 1736 467 impone

58 478 106 520 et
136 478 305 532 quarto
336 475 413 521 die
445 475 587 521 solve.
648 475 890 520 vulnera
923 490 1064 532 quae
1095 475 1321 521 tardius
1354 478 1649 532 sanantur,
1679 489 1736 520 ex

58 542 235 599 optimo
276 555 449 599 sapone
490 543 574 586 aut
613 542 671 586 de
709 541 846 586 urina
875 542 1070 587 infantis
1109 543 1183 587 vel
1225 544 1282 587 de
1324 542 1471 587 lixiva
1507 543 1637 600 prius
1668 542 1736 587 la—
1781 555 1802 588 5

55 611 236 666 ventur,
270 611 318 653 et
350 608 417 653 sic
446 609 738 653 medicamen
768 608 969 665 impone.

175 675 224 719 Si
255 674 359 730 quis
391 674 577 719 clavum
598 674 675 718 vel
705 673 879 719 vitrum
910 674 987 718 vel
1019 688 1069 718 os
1102 674 1355 719 calcaverit
1386 677 1469 719 aut
1499 675 1549 718 in
1580 674 1735 732 capite

54 741 256 785 hactum
283 754 333 784 os
365 739 585 784 habuerit
624 740 749 795 quod
787 741 994 785 medici
1025 741 1192 786 tollere
1222 756 1317 786 non
1346 744 1556 799 possunt,
1588 741 1664 786 vel
1696 741 1735 785 si

55 808 159 863 quis
186 808 242 851 de
266 806 412 864 grafio
436 805 512 850 vel
536 819 623 850 acu
647 805 840 862 caprina
864 809 947 851 aut
973 807 1030 851 de
1063 807 1197 864 spina
1222 807 1332 852 alba
1354 810 1555 864 punctus
1579 808 1734 865 fuerit,

54 873 372 931 argemoniam
409 872 571 917 tritam
611 887 716 916 cum
755 873 961 929 axungia
1000 873 1061 917 ad
1101 874 1258 917 omnia
1296 874 1613 931 suprascripta
1650 874 1735 917 im·
1761 889 1802 920 10

52 953 186 997 pone.
234 940 323 984 hoc
356 942 404 983 et
433 938 674 983 vettonica
704 938 851 983 herba
882 938 1010 984 facit.

112 1024 115 1027 ·
171 1006 253 1050 Ad
280 1005 579 1049 humanum
610 1006 668 1049 et
696 1004 897 1049 simiae
928 1019 1168 1049 morsum
1198 1005 1304 1049 rubi
1328 1005 1444 1050 folia
1467 1006 1577 1050 vino
1602 1009 1735 1051 cocta

55 1074 103 1117 et
133 1071 249 1116 trita
282 1071 469 1115 assidue
500 1071 688 1127 impone
720 1070 770 1114 in
801 1071 946 1128 ulcus,
980 1085 1145 1115 sanum
1168 1072 1261 1116 fiet.
1319 1072 1375 1116 de
1408 1086 1531 1128 aqua
1561 1072 1736 1129 frigida

51 1138 252 1195 primum
281 1137 473 1194 plagam
502 1139 659 1194 tange,
693 1139 740 1181 et
771 1137 897 1182 dices
929 1151 1095 1194 graece
1130 1138 1642 1183 KYOONO-CCOPONTO
1676 1151 1734 1188 a:

56 1205 1111 1261 PO-coePoeKYNoecoeao-coePoeNecoNoeu‚
1143 1206 1190 1248 et
1212 1207 1320 1261 post
1339 1205 1457 1249 haec
1473 1205 1618 1249 verba
1641 1219 1734 1249 em·
1761 1220 1801 1251 15

52 1271 283 1327 plastrum
325 1270 510 1327 impone
550 1270 689 1326 quale
727 1270 943 1316 volueris,
1005 1270 1200 1314 h'erbam
1230 1271 1519 1315 nasturcium
1556 1273 1655 1315 tere
1688 1273 1737 1315 et

53 1337 178 1393 <ex>
201 1336 311 1381 vino
334 1336 491 1380 ieiuno
522 1336 656 1393 potui
689 1337 813 1381 dato.
848 1338 895 1380 et
918 1336 1070 1393 ipsam
1102 1339 1346 1380 contusam
1375 1336 1426 1380 in
1455 1337 1624 1381 vulnus
1650 1337 1734 1381 im—

53 1415 196 1458 pone,
239 1415 442 1445 morsum
474 1401 602 1445 canis
633 1401 789 1445 rabidi
823 1416 986 1446 sanare
1019 1405 1261 1459 expertum
1292 1405 1376 1448 est.
1431 1402 1494 1447 fel
1525 1403 1735 1446 ursinum

53 1468 189 1512 bibat
221 1482 326 1511 cum
348 1468 422 1512 III.
457 1467 607 1511 unciis
640 1481 790 1523 aquae
820 1468 1064 1525 pluvialis,
1105 1483 1198 1512 non
1227 1468 1359 1524 plus,
1392 1470 1439 1512 et
1477 1468 1645 1512 vulnus
1678 1483 1734 1513 ex

52 1534 157 1591 ipsa
189 1548 313 1590 aqua
343 1534 502 1578 lavato
526 1547 610 1590 per
632 1533 840 1578 triduum
863 1534 1008 1578 ternis
1033 1534 1198 1590 unciis,
1231 1534 1330 1578 sine
1353 1534 1561 1590 periculo
1594 1549 1733 1580 sanus
1758 1551 1800 1581 20

52 1601 145 1645 fiet.
187 1600 279 1657 ipsi
311 1602 468 1644 autem
500 1600 606 1644 cani
636 1600 823 1644 rabioso
857 1601 896 1643 si
919 1600 983 1645 fel
1006 1601 1215 1644 ursinum
1239 1600 1289 1644 in
1310 1599 1501 1656 potione
1535 1601 1732 1659 dederis,

52 1666 324 1711 remediasti
357 1681 473 1711 eum.
537 1666 665 1710 canis
704 1681 959 1722 numquam
997 1666 1151 1710 rabiet
1196 1666 1246 1710 in
1286 1667 1444 1723 domo,
1485 1666 1524 1710 si
1560 1667 1735 1724 pellem

54 1733 182 1776 canis
213 1732 390 1776 rabiosi
422 1733 508 1776 sub
539 1732 683 1776 limen
714 1732 894 1789 obliges
918 1733 993 1777 vel
1024 1733 1073 1776 in
1096 1735 1232 1789 porta
1255 1733 1385 1788 figas.
1444 1732 1734 1777 absinthium

53 1799 103 1843 in
133 1799 243 1844 vino
274 1799 440 1843 tritum
469 1801 686 1856 potatum
716 1798 859 1841 muris
899 1801 947 1842 et
989 1799 1149 1842 aranei
1180 1813 1384 1843 morsum
1417 1801 1565 1844 sanat.
1629 1813 1733 1844 coa-

54 1866 217 1923 gulum
249 1865 473 1922 agninum
510 1866 560 1908 in
598 1865 707 1909 vino
738 1864 873 1921 potui
913 1865 1039 1910 dato,
1086 1867 1219 1909 rutae
1259 1865 1458 1922 agrestis
1499 1879 1656 1909 semen
1686 1869 1734 1911 et
1757 1879 1798 1912 25

55 1932 385 1976 aristolochiae
418 1945 568 1987 aequa
599 1944 816 1975 mensura
846 1930 898 1974 in
926 1931 1036 1975 vino
1067 1931 1183 1975 trita
1214 1931 1348 1988 potui
1381 1932 1505 1976 dat0.

173 1998 542 2055 Spalangionum
583 2000 630 2042 et
670 2011 945 2041 araneorum
982 2011 1161 2041 morsus
1192 1997 1352 2041 fimum
1386 1998 1627 2055 caprinum
1657 1998 1733 2043 vel

54 2065 306 2109 cuiuslibet
342 2064 535 2121 pecudis
576 2078 631 2108 ex
671 2065 804 2108 aceto
853 2077 1151 2120 conspersum
1189 2065 1236 2107 et
1273 2063 1545 2120 impositum
1585 2066 1731 2110 curat.

56 2131 122 2174 sic
152 2130 260 2175 faex
290 2130 390 2174 vini
421 2130 470 2173 in
508 2130 620 2173 lana
650 2129 776 2172 illita
808 2131 855 2173 et
893 2129 1114 2185 imposita
1144 2129 1273 2174 facit.
1336 2130 1495 2172 fimum
1525 2129 1733 2186 gallinae

52 2210 213 2241 recens
247 2210 384 2253 super
414 2196 540 2240 idem
570 2195 739 2239 vulnus
770 2195 956 2251 impone
982 2196 1030 2238 et
1053 2194 1213 2251 alliga,
1246 2197 1294 2238 et
1323 2194 1574 2238 intervallo
1606 2194 1731 2239 facto
1756 2210 1800 2242 30

85 2396 87 2398 ,
173 2355 197 2393 2
231 2349 262 2392 li
295 2350 355 2394 ad
389 2355 466 2393 oia
499 2351 536 2393 b.
671 2353 696 2391 5
729 2348 875 2391 lixiva
907 2349 945 2393 b.
1087 2352 1110 2391 7
1145 2348 1173 2391 S
1204 2350 1341 2393 rubro
1371 2349 1552 2404 scripsit
1583 2349 1620 2392 b.
1660 2349 1732 2392 irt-

53 2411 164 2466 cipit
194 2410 309 2454 enim
345 2409 585 2465 proprium
624 2408 876 2463 capitulum
913 2421 1016 2451 rem.
1049 2412 1209 2451 contra
1250 2420 1423 2451 morsus
1461 2407 1734 2451 animalium

52 2470 215 2514 varios.
448 2471 472 2509 9
506 2465 808 2509 acrimoniam
839 2467 864 2510 b
890 2464 1169 2521 (argimonia
1201 2480 1274 2521 ap.
1307 2466 1455 2509 Marc.
1488 2466 1543 2520 ef.
1575 2466 1731 2509 Diosc.

47 2541 95 2583 p.
122 2530 245 2584 326).
369 2529 424 2568 10
457 2530 527 2569 Js-s.
555 2526 594 2569 b.
717 2528 768 2567 11
803 2523 1055 2568 bethonica
1087 2526 1111 2568 b
1145 2525 1240 2579 (Ps.
1274 2524 1402 2568 Ptin.
1430 2537 1478 2580 p.
1505 2527 1608 2578 110,
1634 2526 1730 2579 23).

54 2589 109 2628 12
149 2585 379 2629 Humanii.
422 2585 470 2627 et
509 2582 654 2638 symie
692 2586 860 2627 morsu.
893 2582 1057 2637 rabi}
1088 2584 1126 2627 b.
1190 2583 1413 2638 (rubricae
1449 2596 1562 2639 quae
1591 2583 1733 2637 fuerit

53 2645 217 2689 addidi
246 2643 350 2699 Ad).
475 2647 529 2685 14
562 2641 678 2685 dicis
711 2643 748 2686 b.
874 2646 926 2685 18
959 2643 1006 2684 et
1035 2641 1144 2685 vino
1177 2643 1215 2686 b.
1337 2640 1440 2697 ipsa
1473 2642 1668 2685 contusa
1693 2643 1732 2685 b.

57 2706 110 2745 19
142 2702 221 2746 ΙΙΙ.
247 2712 318 2750 —·-.
468 2699 681 2757 pluviali.
844 2704 900 2743 20
931 2699 1058 2743 uncii
1092 2702 1195 2756 (sic)
1215 2701 1264 2745 -b.
1415 2704 1471 2743 22
1503 2699 1661 2743 rabiat
1692 2702 1730 2744 b.

55 2764 110 2803 23
144 2759 348 2817 obligasz
383 2758 548 2803 obluas
573 2760 613 2803 b.
705 2763 760 2802 26
793 2758 1065 2817 aristologie
1099 2773 1189 2803 ana
1220 2758 1270 2802 in
1296 2758 1406 2803 vino
1433 2760 1471 2803 b.
1564 2763 1619 2802 27
1643 2758 1732 2802 Pa—

54 2817 327 2875 langionum
348 2820 373 2863 b
405 2820 503 2874 (om.
539 2817 568 2861 S
594 2818 745 2863 littera
775 2832 888 2875 quae
924 2820 1110 2863 rubrica
1139 2819 1376 2863 scribenda
1406 2818 1500 2872 fuit
1529 2822 1580 2861 ut
1610 2817 1733 2872 fieret

55 2876 450 2934 Spalangionum).
631 2876 728 2919 fimi
776 2875 957 2933 caprini
997 2913 1005 2923 .
1035 2914 1042 2923 .
1071 2913 1079 2923 .
1121 2876 1357 2934 conspers0
1401 2878 1449 2921 et
1492 2875 1662 2933 ipositq
1692 2877 1730 2921 b.

52 2940 108 2980 29
139 2935 240 2980 fim‘J
272 2937 309 2981 b.
432 2934 588 2992 supid9
606 2937 704 2993 (sic)
728 2937 766 2981 b.
