1950 3172
455 110 836 157 Euroms'ron
863 107 1292 154 PAENOMENON.
1649 104 1720 157 27

76 254 81 257 ’
159 251 250 301 stis
296 251 576 300 cucumeris
628 249 767 299 radix
819 250 874 297 in
926 246 1179 297 meliorato
1226 250 1366 295 cocta
1418 249 1478 293 et·
1514 245 1723 293 contrita

74 319 94 331 ⁵
139 326 152 337 '
191 329 315 373 etur.

190 397 324 448 aliud
377 397 446 446 de
500 397 925 461 experimento,
1012 399 1173 443 rutam
1226 398 1277 442 et
1327 406 1536 457 ysopum
1586 385 1811 440 teres25

39 473 214 538 aequis
251 469 553 536 ponderibus
591 475 642 519 et
679 470 798 518 ficos
838 469 995 517 siccas
1030 472 1261 516 contusas
1294 465 1386 515 sub
1418 463 1567 530 duplo
1598 479 1720 529 pon-

40 546 161 596 dere
199 543 502 594 immiscebis
539 542 702 592 mellis
733 543 986 607 quippiam
1021 540 1291 590 adiciendo.
1354 544 1404 588 et
1435 537 1721 603 operabitur
1765 547 1787 580 5

40 625 99 670 nt
121 623 371 684 apostema
394 632 455 666 ex
481 616 803 665 interioribus
826 616 880 663 in
902 616 1235 664 maturitatem
1259 611 1451 662 facilius
1475 617 1718 660 evocetur.

189 690 335 740 aliud.
398 690 622 754 capparis
654 690 891 738 corticem
921 690 973 736 in
1005 703 1130 752 aqua
1161 686 1365 736 elixabis
1398 691 1447 735 et
1471 700 1583 734 cum
1606 687 1719 734 vino

37 762 400 829 commiscebiS‚
436 768 494 811 ut
531 761 823 826 cataplasma
861 761 1025 810 facias,

188 836 334 886 aliud.
395 837 528 884 ireos
565 834 783 899 illyricae
821 833 1076 898 pulverem
1115 848 1228 882 cum
1265 832 1441 881 hordei
1479 832 1637 881 farina
1667 833 1721 880 in

38 911 293 976 melicrato
333 923 515 973 coques
555 914 604 957 et
641 909 811 957 uteris,
1746 915 1788 946 ιο

187 983 333 1034 aliud.
394 987 581 1046 guttam
613 982 904 1030 ammoniaci
933 985 1067 1029 teres
1092 985 1142 1028 et
1166 978 1394 1028 similiter
1420 993 1533 1026 cum
1564 978 1721 1026 farina

38 1057 214 1108 hordei
251 1058 304 1106 in
343 1071 467 1121 aqua
506 1060 643 1104 cocta
682 1053 952 1103 adhibebis,

187 1131 280 1180 hoc
320 1136 368 1179 et
406 1129 602 1178 alumen
641 1130 851 1177 scissum
890 1133 1152 1176 contusum
1192 1139 1304 1174 cum
1349 1124 1526 1174 hordei
1565 1125 1723 1173 farina

37 1204 269 1255 similiter
307 1204 466 1252 faciet.

223 1337 280 1385 X.
341 1335 417 1384 De
457 1333 832 1384 ferbunculis
873 1332 1092 1397 ubique
1132 1330 1541 1380 nascentibus,
1726 1327 1796 1378 26

189 1424 404 1489 Sulphur
427 1425 589 1471 vivum
620 1428 821 1471 tunsum
853 1435 966 1470 cum
997 1422 1161 1469 resina
1184 1418 1519 1468 terebinthina
1543 1420 1719 1467 misce·
1747 1431 1788 1462 16

40 1499 118 1548 his
158 1504 207 1547 et
244 1496 446 1546 linteolo
486 1495 743 1544 inductum
774 1496 1012 1559 impones,
1083 1499 1166 1542 aut
1197 1507 1340 1541 uvam
1372 1507 1568 1556 passam
1601 1507 1721 1541 enu-

42 1572 249 1622 cleatam
294 1570 472 1619 tundes
520 1575 570 1617 et
614 1568 825 1616 mediam
872 1568 1194 1631 quantitatem
1243 1565 1358 1614 salis
1406 1565 1724 1632 immiscebiS,

165 1732 187 1770 1
221 1724 476 1771 cucumeris
507 1724 655 1768 Bbr.:
689 1737 770 1769 om.
808 1723 903 1769 Get.
1099 1721 1150 1765 in
1179 1736 1238 1766 m.
1264 1722 1399 1766 Bbr:
1433 1720 1499 1764 sic
1530 1735 1589 1765 m.
1627 1722 1723 1766 Gel.

40 1792 71 1832 2
104 1785 356 1831 adhibetur
385 1785 430 1828 B
451 1784 569 1828 Gel.:
600 1796 683 1827 om.
716 1784 786 1827 br.
916 1787 942 1826 3
975 1782 1033 1826 de
1066 1780 1382 1838 experimento
1414 1781 1460 1823 B
1492 1781 1550 1836 (et
1580 1782 1635 1837 e),
1668 1780 1724 1823 de

38 1844 245 1903 expertis
277 1860 322 1889 r:
355 1841 720 1899 experimentum
752 1842 778 1886 b
795 1841 890 1886 Gel.
1096 1843 1143 1884 et
1172 1854 1369 1896 ysopum
1400 1839 1533 1884 Bbr:
1567 1837 1726 1896 opium

45 1906 143 1951 θεῖ.
324 1904 446 1946 teres
479 1900 581 1956 (sub
613 1901 718 1945 add.
753 1900 866 1956 θεῖ.)
899 1898 1031 1958 equis
1061 1899 1200 1955 pond.
1226 1899 1272 1942 Β
1294 1899 1410 1943 Gel.:
1445 1911 1514 1953 eq.
1540 1912 1586 1954 p.
1620 1911 1727 1941 con-

38 1963 159 2008 trita
191 1963 368 2019 (-tum
397 1963 437 2016 r)
471 1961 542 2004 br.
758 1963 786 2002 4
818 1960 866 2002 et
901 1960 1014 2003 ficus
1059 1957 1207 2001 siccas
1238 1958 1403 2001 tunsas
1435 1959 1565 2013 (—sa
1595 1960 1636 2013 r)
1670 1959 1729 2001 br

43 2024 112 2079 (et
140 2023 228 2066 fico
261 2019 382 2079 sicce
414 2019 658 2062 contusum
691 2018 820 2074 θεῖ),
853 2019 901 2061 et
929 2018 1016 2060 fico
1049 2016 1170 2061 sicco
1202 2017 1396 2060 contuso
1431 2017 1488 2060 B.
1642 2015 1727 2059 sub

4 2135 5 2138 Ἰ
45 2095 129 2127 om.
162 2082 232 2125 br.
414 2081 440 2120 5
471 2076 650 2120 imiscis
681 2091 706 2120 r
736 2078 774 2132 (τ.
806 2075 973 2120 misces
1005 2077 1061 2132 b),
1092 2074 1377 2119 immiscebis
1412 2075 1529 2119 Θαὶς
1564 2073 1728 2118 comis-

3 2184 5 2188 .
43 2154 154 2184 cens
185 2139 244 2183 B.
366 2138 415 2180 et
444 2138 552 2191 (op.)
585 2137 644 2180 br
663 2135 779 2180 θεῖε
811 2149 894 2180 om.
925 2136 985 2179 B.
1123 2141 1149 2179 6
1180 2136 1235 2178 ut
1265 2135 1561 2190 apostemata
1680 2132 1731 2176 in

0 2215 5 2245 3·
43 2199 158 2242 mat.
190 2197 279 2241 fac.
312 2195 620 2252 provocentur
654 2194 771 2250 θαι,
809 2192 880 2238 ita
910 2196 963 2238 ut
994 2194 1058 2250 (b,
1091 2192 1172 2237 ita.
1234 2192 1297 2236 Et
1326 2195 1366 2249 r)
1392 2194 1634 2250 apostema
1661 2229 1668 2236 .
1691 2229 1727 2236 ..

0 2263 4 2280 ³
44 2256 97 2300 in
113 2258 223 2299 mat.
241 2253 428 2298 facilius
446 2253 611 2297 evocat
628 2253 685 2308 (b,
710 2254 928 2297 evocetur
949 2255 990 2309 r)
1008 2253 1079 2308 br,
1104 2254 1159 2296 ut
1182 2252 1424 2308 apostema
1443 2287 1452 2296 .
1472 2288 1481 2297 .
1502 2287 1511 2296 .
1531 2251 1592 2295 ad
1614 2252 1729 2294 mat.

0 2325 3 2342 ³
46 2316 319 2372 procuretur
349 2314 449 2368 (om.
481 2311 587 2367 fac.)
610 2311 670 2355 B.
801 2317 825 2356 7
858 2311 1053 2355 cortices
1078 2312 1116 2356 b.
1238 2309 1386 2354 elixas
1413 2347 1421 2356 .
1444 2347 1452 2355 .
1474 2348 1481 2354 .
1509 2309 1729 2354 comisces

0 2407 2 2409 -
47 2375 182 2418 Bbr:
215 2372 338 2416 elixa
364 2406 400 2415 ..
423 2407 431 2415 .
457 2369 655 2414 comisce
681 2369 776 2414 θεῖ.
880 2375 906 2414 8
930 2371 984 2414 ut
1006 2383 1044 2414 c.
1069 2368 1187 2413 facis
1212 2370 1272 2425 B,
1303 2370 1357 2412 ut
1380 2383 1418 2414 c.
1443 2368 1591 2412 facias
1611 2369 1730 2414 Get:

0 2451 2 2453 ·
46 2435 97 2477 et
128 2431 271 2475 uteris
305 2432 375 2474 br.
497 2433 523 2471 9
554 2428 673 2472 ireos
708 2429 803 2473 Gel.
836 2430 986 2486 (yreos
1019 2430 1114 2485 bc):
1147 2442 1230 2473 om.
1263 2428 1324 2471 B.
1408 2427 1457 2470 in
1488 2427 1732 2470 meliorato

0 2546 1 2549 Ἰ
51 2493 202 2548 -(12)
235 2488 365 2534 ordei
395 2487 550 2531 farina
580 2489 789 2543 (propter
818 2488 1043 2543 homoiot.)
1075 2501 1159 2531 om.
1192 2488 1231 2530 b.
1429 2490 1482 2528 11
1516 2484 1733 2529 similiter

46 2565 134 2596 om.
165 2564 202 2594 r.
378 2551 431 2589 12
464 2545 493 2590 i.
527 2560 568 2590 a.
601 2545 820 2601 decoquis
853 2548 901 2590 et
930 2545 1075 2590 uteris
1105 2560 1131 2590 r
1163 2546 1261 2602 (qui
1291 2558 1374 2589 om.
1408 2545 1613 2601 13—14).

2 2612 4 2614 ’
49 2609 212 2654 deinde
242 2607 397 2651 aliena
426 2605 607 2650 addwnt
636 2604 692 2647 de
724 2604 926 2660 expertis
959 2606 1065 2649 ber.
1260 2607 1314 2646 15
1346 2603 1414 2647 De
1444 2601 1732 2647 ferbunculis

48 2666 225 2722 ubique
255 2665 462 2708 nascent.
494 2664 597 2720 (sic)
623 2663 734 2718 θοι,
764 2662 832 2706 De
862 2661 1135 2707 ferbunculo
1160 2662 1206 2718 b,
1238 2663 1335 2707 sine
1363 2663 1489 2707 rubr.
1513 2677 1554 2719 r,
1583 2663 1661 2707 sed
1683 2663 1736 2706 in

0 2731 2 2736 “
50 2727 148 2770 ind.
186 2726 306 2770 idem
343 2723 411 2766 De
441 2720 728 2766 terbunculis
760 2722 860 2779 (sic)
890 2737 930 2777 r,
967 2721 1036 2765 De
1067 2720 1351 2765 ferbunculis
1382 2735 1426 2766 c:
1469 2720 1538 2765 De
1576 2719 1735 2765 furun-

51 2783 172 2829 culis
202 2782 256 2827 X.
283 2782 342 2826 B.
512 2784 567 2824 16
598 2778 815 2824 miscebis
849 2781 968 2826 Get:
999 2778 1166 2823 misces
1197 2780 1276 2824 Br
1305 2779 1521 2835 (mixtum
1552 2781 1609 2836 b).

55 2847 111 2886 17
140 2840 334 2885 linteolo
367 2839 530 2896 (linteo
554 2840 598 2896 b)
622 2840 682 2884 br
708 2838 825 2885 Gel.:
856 2839 907 2883 in
936 2838 1060 2883 lineo
1090 2836 1284 2882 linteolo
1308 2839 1367 2882 B.
1490 2841 1546 2882 18
1577 2837 1737 2882 tundis

54 2902 102 2946 B
129 2899 402 2956 (contundes
427 2900 524 2955 br):
556 2912 639 2943 om.
673 2897 768 2943 Gel.
889 2897 977 2955 i(in
999 2896 1283 2955 B)misce(i)s
1316 2898 1441 2943 er.
