1988 3184
217 139 325 194 346
404 175 407 178 ,
778 136 1358 182 PanDo-Tnnonom

215 273 440 331 colligato
455 309 466 330 ,
520 285 630 316 mox
682 269 988 327 liberabitur,
1051 270 1100 313 et
1158 268 1323 313 statim
1374 268 1504 314 solve
1557 282 1617 314 ne
1671 248 1777 314 loca
1835 281 1907 314 se·

214 334 430 390 quantur.

331 694 386 739 Si
417 693 649 738 mulieri
672 695 964 737 mortuum·
985 706 1157 750 pecus
1181 693 1239 736 in
1263 695 1426 737 utero
1450 693 1650 750 fuerit,
1683 693 1907 750 butyrum

210 762 457 806 vaccinum
489 763 536 806 et
566 760 660 805 mel
691 760 742 804 in
775 759 1078 804 acetabulum
1107 759 1394 816 temperabis
1421 761 1468 804 et
1498 759 1549 803 in
1579 760 1692 804 lana
1723 761 1786 805 ad
1807 774 1905 804 ma-

210 828 377 873 tricem
421 842 567 886 pones
609 827 693 887 <et
731 825 1063 886 liberabitur).
1119 825 1206 870 1100
1248 827 1296 870 et
1335 826 1375 870 si
1423 827 1655 871 secundae
1701 841 1796 871 non
1835 841 1904 872 se-

146 911 188 942 10
213 898 417 951 quantur
447 894 606 940 facies,

278 1019 282 1023 .
328 978 400 1022 Ut
438 976 643 1020 mulier
681 975 859 1019 facile
905 976 1204 1032 purgetur,
1252 974 1376 1019 lauri
1421 975 1565 1019 bacas
1612 975 1750 1020 tritas
1799 989 1905 1019 cum

211 1044 322 1089 vino
353 1045 499 1101 potet.
548 1043 676 1088 item.
713 1043 769 1087 de
801 1042 960 1099 lapide
986 1043 1160 1099 gagate
1185 1044 1307 1085 teres
1341 1043 1390 1086 et
1421 1055 1528 1085 cum
1559 1055 1684 1098 aqua
1708 1041 1903 1086 fontana

214 1110 401 1155 ieiunae
435 1109 585 1167 dabis,
619 1108 783 1154 statim
812 1108 1107 1166 purgabitur.

327 1192 539 1236 Mulier
568 1193 630 1235 ut
661 1190 977 1247 concipiat,
1010 1189 1085 1234 lac
1118 1189 1279 1234 asinae
1305 1203 1411 1234 cum
1441 1189 1553 1233 lana
1579 1189 1742 1234 sucida
1767 1204 1905 1247 super

142 1272 186 1304 15
209 1257 485 1303 umbilicum
517 1257 561 1302 ei
590 1271 738 1315 pone,
778 1259 826 1300 et
858 1256 925 1300 010
965 1270 1021 1300 ea
1059 1258 1205 1301 utere.
1257 1256 1386 1301 item.
1430 1257 1594 1300 sedeat
1632 1270 1770 1313 super
1809 1257 1904 1301 fru-

140 1606 183 1637 20

209 1325 351 1370 tieem
383 1324 632 1381 absinthii,
675 1326 723 1368 et
762 1323 829 1367 sic
868 1337 974 1366 cum
1012 1322 1113 1367 viro
1154 1325 1301 1367 coeat.
1351 1323 1478 1368 item.
1514 1325 1745 1367 storacem
1777 1324 1904 1369 cala-

208 1391 442 1436 mintham
473 1391 523 1435 in
556 1391 695 1434 scafio
730 1403 868 1447 super
900 1389 1126 1433 carbones
1166 1390 1423 1447 imponito,
1469 1393 1517 1435 et
1557 1404 1695 1448 super
1727 1391 1902 1448 sedeat,

208 1460 256 1501 et
288 1457 459 1514 sufflat,
494 1459 542 1501 et
574 1457 641 1501 sic
673 1471 779 1500 cum
809 1455 911 1500 viro
944 1458 1092 1501 coeat.
1141 1456 1267 1502 item.
1312 1457 1368 1501 de
1409 1457 1596 1501 catulae
1635 1457 1759 1503 lacte
1798 1458 1904 1502 loca

209 1524 301 1568 sibi
331 1526 513 1581 tangat.
547 1524 744 1568 herbam
774 1522 1101 1578 mercurialem
1133 1526 1180 1568 et
1211 1524 1465 1568 verbenam
1495 1524 1547 1568 in
1578 1524 1699 1569 00110
1730 1527 1901 1582 portet.

210 1591 337 1636 item.
380 1591 480 1636 ovis
512 1591 793 1636 ruminantis
828 1604 1043 1647 spumam
1075 1603 1181 1633 cum
1221 1589 1372 1647 digito
1414 1590 1472 1634 de
1506 1604 1584 1634 ore
1616 1589 1715 1635 eius
1747 1591 1902 1649 tolles,

209 1661 257 1702 et
296 1673 402 1702 cum
440 1657 550 1702 vino
589 1657 820 1702 nescienti
860 1656 1048 1701 mulieri
1086 1656 1221 1712 potui
1263 1656 1412 1701 dabis.
1462 1656 1590 1702 item.
1623 1657 1763 1702 tolles
1804 1672 1902 1703 cor-

205 1725 349 1769 ticem
387 1724 567 1768 arboris
601 1739 629 1768 a
660 1724 846 1782 fulgure
888 1737 1160 1781 percussae,
1209 1725 1257 1767 et
1303 1723 1480 1780 piperis
1527 1738 1676 1781 grana
1708 1724 1903 1770 XXVIII

205 1794 327 1835 teres
369 1790 521 1847 simul,
564 1792 611 1834 et
652 1790 726 1835 die
759 1791 883 1835 Iovis
923 1790 1036 1834 luna
1077 1790 1374 1834 decrescente
1412 1790 1548 1847 potui
1581 1790 1731 1836 dabis,
1787 1791 1903 1836 item

208 1857 264 1900 de
295 1857 394 1900 talo
434 1871 605 1902 venam
642 1860 832 1915 tangat,
875 1859 922 1901 et
962 1857 1213 1914 coagulum
1251 1856 1423 1913 leporis
1464 1857 1514 1900 in
1554 1857 1712 1901 calida
1752 1858 1901 1903 disso-

326 2062 348 2100 1
385 2060 450 2114 (et
481 2059 587 2102 add.
622 2060 666 2115 a)
699 2071 807 2101 mox
840 2057 869 2102 1.
904 2064 980 2102 etc.
1016 2059 1101 2102 ba:
1135 2059 1182 2101 et
1213 2070 1321 2100 mox
1353 2059 1406 2101 ut
1438 2057 1467 2101 1.
1503 2057 1632 2101 solve
1663 2073 1703 2116 9.
1841 2073 1899 2104 ne

206 2116 311 2160 loca
344 2132 376 2161 0.
405 2119 429 2162 b
438 2132 487 2175 9:
514 2131 596 2162 om.
622 2132 664 2161 a.
763 2122 789 2160 3
823 2116 1235 2173 Secundinas—(p.
1257 2120 1357 2173 347,
1384 2117 1427 2172 2)
1453 2117 1716 2161 concubent
1740 2131 1823 2162 om.
1856 2134 1896 2177 9.

207 2175 493 2220 Secundinas
520 2178 565 2222 b:
601 2176 851 2232 Squibalas
884 2192 926 2221 α.
1011 2176 1239 2233 plantago
1273 2174 1313 2218 si
1344 2175 1460 2219 trita
1493 2190 1529 2220 0.
1563 2191 1605 2220 v.
1639 2176 1833 2221 bibatur
1856 2193 1897 2222 α.

205 2239 233 2277 4
263 2235 377 2279 Post
407 2238 547 2292 partu
579 2237 788 2279 maturat
813 2235 1022 2279 extrahit
1045 2241 1122 2280 etc.
1150 2237 1188 2291 b,
1221 2237 1303 2280 ubi
1334 2236 1524 2280 breviter
1547 2251 1577 2279 a
1601 2237 1649 2279 et
1681 2236 1900 2281 aborsum

204 2294 411 2350 expellit.
507 2299 532 2338 5
567 2294 615 2339 Si
646 2294 937 2351 gula—facit
969 2311 1019 2339 a:
1050 2304 1137 2339 om.
1164 2297 1201 2339 b.
1328 2298 1353 2337 7
1387 2293 1435 2338 Si
1466 2293 1654 2338 mulieri
1684 2294 1735 2338 in
1765 2298 1898 2340 utero

204 2355 415 2397 mortuus
447 2354 571 2398 fetus
603 2354 747 2398 fuerit
778 2370 820 2399 a.
955 2353 1125 2398 mulier
1156 2356 1194 2399 b.
1317 2352 1503 2397 b'acinfi
1536 2355 1587 2399 b:
1619 2368 1703 2399 om.
1737 2370 1779 2399 a.

206 2416 231 2454 8
263 2413 313 2455 in
346 2415 479 2457 aceto
514 2413 800 2470 distempera
831 2428 872 2458 α.
995 2414 1230 2470 temperas
1263 2414 1302 2458 b.
1434 2417 1459 2455 9
1492 2412 1629 2469 ponis
1662 2414 1709 2458 b:
1740 2419 1895 2470 ipone.

206 2473 254 2514 et
284 2471 565 2516 liberabitur
596 2489 638 2518 a.
760 2471 1056 2516 hoc—facies
1090 2487 1172 2517 om.
1207 2487 1247 2516 α.
1374 2476 1427 2515 11
1461 2471 1719 2528 Ut—potet
1745 2487 1829 2518 om.
1855 2489 1897 2518 a.

207 2535 261 2572 12
287 2530 418 2587 (item
443 2534 544 2588 om.)
569 2531 779 2588 lapidem
802 2533 1027 2589 gagatem
1049 2533 1162 2575 tere.
1197 2533 1245 2575 et
1270 2530 1321 2574 in
1346 2544 1469 2586 aqua
1503 2530 1560 2574 de
1584 2530 1714 2575 fonte
1738 2531 1898 2577 ieiuna

204 2588 342 2633 bibat
373 2606 414 2634 α.
533 2596 587 2635 14
619 2591 683 2635 Ut
712 2606 772 2634 m.
807 2605 843 2635 0.
878 2606 919 2635 α.
1014 2590 1250 2634 asininum
1281 2605 1322 2634 a.
1433 2603 1539 2633 cum
1568 2589 1598 2634 l.
1634 2590 1823 2635 succida
1849 2593 1895 2636 b:

205 2661 287 2692 om.
321 2663 362 2692 a.
488 2654 540 2693 15
575 2649 764 2706 impone
797 2665 839 2694 a.
965 2654 1018 2693 16
1051 2649 1168 2693 item
1200 2649 1411 2706 st.-—(18)
1444 2650 1580 2692 coeat
1611 2662 1693 2695 om.
1727 2665 1770 2696 α.

209 2710 262 2749 16
295 2706 538 2752 calimiten
569 2711 607 2753 b.
731 2713 787 2753 18
820 2707 995 2752 sufficit
1026 2710 1065 2753 b.
1219 2713 1274 2752 19
1307 2707 1423 2751 item
1452 2707 1496 2751 h.
1530 2723 1589 2752 m.
1622 2723 1664 2753 α.
1793 2709 1897 2754 ber-

204 2762 376 2807 benam
407 2781 447 2810 a.
600 2766 651 2810 in
682 2767 840 2812 calceo
872 2783 915 2812 a.
1067 2766 1166 2811 toll'
1203 2769 1242 2823 b,
1275 2766 1391 2811 tolle
1422 2782 1465 2811 a.
1618 2771 1673 2811 21
1710 2767 1897 2812 mulieri

205 2822 434 2866 nescienti
465 2839 508 2880 p.
544 2826 656 2869 dato
689 2842 731 2871 a.
883 2825 1294 2883 item—(23)dabis
1327 2840 1410 2871 om.
1444 2841 1486 2870 a.
1698 2830 1756 2870 24
1779 2826 1896 2872 item

206 2882 261 2923 ut
292 2881 529 2938 concipiat
562 2884 619 2927 de
650 2886 683 2929 t.
717 2898 841 2929 vena
872 2888 1099 2942 tangatur
1129 2901 1171 2930 α.
1369 2883 1594 2942 coagulus
1626 2884 1655 2930 1.
1689 2884 1740 2929 in
1771 2899 1894 2941 aqua

208 2938 462 2983 dissolutus
482 2975 490 2984 .
512 2977 520 2985 .
542 2977 550 2985 .
571 2942 708 2985 detur
738 2959 780 2987 a.
876 2943 1105 2988 dissoluto
1132 2946 1170 2989 b.

334 412 687 458 Secundinas
711 410 1013 455 mulierum
1036 409 1305 467 expellit,
1331 409 1371 454 si
1393 409 1720 467 plantaginem
1741 409 1908 455 tritam
1982 402 1988 471 {ss

215 495 320 524 cum
356 480 467 524 vino
506 480 641 536 potet
679 480 787 535 post
825 479 1028 535 partum.
1065 475 1353 521 inmaturum
1391 477 1600 522 extrahit
1637 491 1744 521 cum
1782 491 1906 534 aqua
1984 476 1988 498 ³

166 562 188 595 5
211 549 378 605 potata
401 546 643 603 plantago.
693 544 771 605 <si
794 544 908 602 gula
933 543 1119 588 asinina
1144 557 1250 589 eam
1274 542 1548 602 suffumigas
1571 546 1681 602 post
1702 546 1904 603 partum,
1986 539 1988 563 ³

211 613 338 658 idem
367 612 534 673 facit).
