1988 3184
227 123 338 176 330
781 99 1360 165 pemmo-THEODORI

512 325 516 327 .
579 285 659 329 Ad
680 285 742 329 id.
768 284 839 339 II,
862 286 925 328 29
949 285 1028 340 (92
1052 287 1160 339 post
1190 283 1412 326 acescunt
1443 280 1569 340 cibi).

345 351 545 411 [Quibus
585 364 695 395 vero
735 349 905 407 flegma
945 349 1221 406 supernatat
1259 350 1308 392 et
1346 347 1443 392 cibi
1480 347 1749 404 frequenter
1786 361 1916 394 aces·
1946 393 1959 404 ,

225 420 371 477 cunt‚]
405 416 573 462 calidis
607 415 794 460 curabis
817 414 1175 459 medicamentis
1201 414 1300 459 sive
1324 413 1612 459 extrinsecus
1644 413 1914 460 adhibendo
1964 452 1966 454 .

225 485 324 529 sive
362 498 446 541 per
485 498 535 527 os
570 483 738 527 dando.
788 484 836 526 et
868 481 908 525 si
946 480 1145 525 nimium
1182 480 1353 538 flegma
1390 481 1442 525 in
1482 481 1775 526 stomachum
1812 494 1916 527 sen-

179 567 201 600 5
226 551 339 596 seris
371 550 448 595 vel
478 549 530 593 in
562 564 612 593 os
643 547 820 593 ventris
854 561 954 592 esse
987 549 1286 604 congestum,
1321 548 1524 605 oxymeli
1555 547 1770 593 conficies
1801 547 1914 594 tale.
1971 561 1978 574 ‘-

222 616 417 662 feniculi
449 616 623 661 radicis
649 615 837 660 corticis
862 626 921 663 -ζ-
943 615 1043 671 VII,
1076 613 1230 658 mellis
1255 614 1323 659 lib
1346 615 1381 669 Ι,
1413 614 1536 660 ireos
1561 615 1774 672 illyricae
1797 627 1856 665 ÷
1878 617 1914 676 I,
1976 610 1988 642 ἶ

221 684 357 741 ysopi
381 694 441 732 -ζ-
463 684 562 728 IIII.
611 683 728 727 haec
759 684 901 726 tunsa
932 681 983 724 in
1014 681 1138 725 aceti
1171 683 1219 726 &S
1242 682 1264 724 I
1293 681 1446 738 pridie
1477 682 1711 741 infundes,
1745 684 1915 730 deinde
1983 718 1988 720 ψ

221 751 350 795 lento
391 750 492 807 igni
532 764 703 806 coques
745 763 890 805 usque
930 750 1117 793 acetum
1156 748 1217 791 ad
1255 748 1463 792 medium
1503 749 1678 795 veniat.
1735 751 1914 796 colabis

220 817 478 874 munditer,
520 816 678 872 sicque
710 816 804 860 mel
836 816 982 859 addes
1023 815 1414 871 suprascriptum,
1461 817 1509 860 et
1546 831 1704 861 rursus
1744 833 1914 876 coques
1973 839 1982 845 ⁷>

155 901 197 931 10
223 884 370 928 donec
395 885 581 928 acetum
606 884 907 926 consumatur
931 883 979 925 et
1003 882 1065 925 ad
1087 880 1242 925 mellis
1272 881 1627 938 spissitudinem
1656 885 1912 942 redigatur.

220 949 330 994 hinc
357 949 494 993 dabis
519 948 752 999 coclearia
775 948 864 991 IIII
896 961 1002 991 cum
1026 962 1150 1003 aqua
1175 947 1344 1005 calida,
1378 950 1427 992 et
1451 948 1593 993 aforis
1626 951 1914 1007 epithemate

220 1016 530 1073 polyarchion
562 1015 722 1059 uteris.
758 1014 850 1073 [his
884 1016 932 1058 et
962 1013 1192 1057 bubulam
1224 1014 1327 1058 dari
1360 1015 1535 1060 suadeo
1562 1053 1570 1061 .
1600 1053 1607 1061 .
1636 1054 1645 1062 .
1672 1018 1750 1064 Pr.

220 1122 299 1165 Ad
322 1121 391 1177 II,
419 1124 479 1164 30
507 1122 607 1175 (98)
642 1119 718 1162 De
750 1116 1056 1161 lumbricis
1090 1121 1212 1174 (post
1249 1120 1437 1162 mentae
1469 1119 1636 1164 viridis
1669 1122 1913 1181 decoctio).

340 1186 590 1245 [Similiter
620 1187 806 1229 mentae
839 1183 1004 1228 viridis
1039 1184 1272 1243 decoctio]
1306 1188 1539 1242 operatur.
1584 1188 1776 1233 rafanus
1809 1205 1916 1235 cum

152 1271 196 1301 15
222 1253 320 1298 sale
346 1256 558 1310 sumptus
585 1266 720 1296 omne
744 1265 891 1308 genus
915 1250 1116 1307 perimet
1139 1250 1486 1298 lumbricorum.
1520 1253 1571 1297 in
1602 1269 1718 1311 sapa
1740 1256 1916 1301 ferrum

221 1320 553 1377 aeruginosum
585 1317 848 1375 extinguito
883 1317 1087 1361 candens
1121 1331 1176 1360 ac
1206 1317 1342 1373 potui
1380 1319 1505 1365 dato.
1555 1320 1834 1367 afronitrum
1863 1323 1915 1368 in

219 1387 330 1432 vino
363 1386 569 1430 solutum
591 1384 727 1442 potui
761 1385 886 1428 dato.
933 1383 1010 1427 vel
1041 1383 1146 1439 ipsa
1177 1383 1324 1428 herba
1354 1388 1541 1442 sumpta
1573 1402 1750 1433 summe
1781 1389 1911 1437 facit.

219 1455 359 1498 betae
392 1468 496 1497 cum
529 1452 623 1496 alio
651 1452 872 1495 decoctae
899 1451 1175 1494 sumendum
1199 1465 1306 1494 cum
1330 1451 1432 1496 oleo
1466 1455 1513 1496 et
1542 1454 1639 1499 sale
1672 1456 1914 1502 conditum

221 1522 355 1577 dato,
389 1519 644 1563 lumbricos
679 1520 727 1562 et
757 1517 942 1561 taenias
976 1516 1127 1561 eiciet.
1161 1517 1430 1574 lupinorum
1461 1534 1585 1576 aqua
1617 1522 1700 1566 ubi
1731 1523 1913 1569 decocti

150 1602 195 1631 20
221 1590 329 1632 sunt
361 1587 528 1631 addita
559 1588 667 1629 ruta
700 1587 748 1629 et
770 1584 945 1641 pipere,
979 1583 1114 1640 potui
1140 1584 1264 1629 dato.
1310 1585 1438 1629 mala
1461 1588 1634 1643 punica
1659 1590 1722 1632 ad
1744 1591 1910 1635 tertias

218 1669 342 1710 aqua
390 1655 620 1709 decoques
669 1653 717 1695 et
759 1651 912 1707 ipsam
956 1664 1128 1706 aquam
1166 1651 1302 1707 potui
1350 1653 1474 1698 dato.
1523 1655 1726 1700 hederae
1773 1658 1911 1703 albae

217 1722 361 1765 bacas
392 1723 492 1765 tere
533 1722 580 1763 et
620 1718 672 1762 in
716 1717 918 1773 oxymeli
950 1717 1085 1774 potui
1119 1718 1244 1763 dato.
1293 1718 1452 1764 inulae
1485 1721 1650 1766 viridis
1683 1738 1819 1768 sucus
1854 1725 1911 1770 de

217 1788 376 1832 radice
417 1787 516 1831 eius
559 1785 749 1842 tepidus
789 1783 924 1840 potui
965 1784 1103 1827 detur
1106 1819 1346 1830 .......
1379 1786 1553 1831 herbae
1588 1789 1798 1834 decoctio
1829 1805 1911 1848 po-

215 1854 287 1898 tui
316 1857 322 1911 Ι
352 1857 543 1910 (22122)
579 1853 727 1896 detur.
770 1849 1005 1894 coriandri
1037 1865 1185 1907 grana
1207 1851 1273 1895 XI
1301 1867 1405 1895 cum
1430 1868 1553 1910 aqua
1575 1855 1715 1911 pisile
1747 1858 1908 1903 crebro

148 1932 193 1963 25
220 1921 473 1965 destillato.
538 1918 663 1978 [Cibi
697 1917 840 1962 dandi
874 1919 983 1960 sunt
1016 1917 1312 1973 digestibiles
1339 1955 1348 1963 .
1377 1956 1384 1964 .
1414 1956 1422 1964 .
1449 1921 1529 1966 Pr.

276 2026 354 2068 Ad
377 2025 447 2079 ΙΙ,
474 2027 528 2067 31
559 2026 687 2079 (102)
722 2021 798 2065 De
833 2020 1227 2076 dysentericis
1254 2023 1377 2078 (post
1406 2026 1676 2081 reponenda
1709 2030 1847 2085 sunt).

335 2105 455 2146 quae
496 2092 568 2147 (sc.
602 2089 731 2145 vina)
763 2087 833 2131 ita
873 2086 1183 2131 conficiuntur
1223 2089 1280 2131 de
1322 2088 1523 2145 dactylis
1562 2092 1640 2136 vel
1671 2093 1821 2137 sorbis
1854 2096 1910 2138 ut

217 2160 327 2202 ante
356 2158 510 2214 pridie
544 2161 722 2218 dactyli
753 2164 804 2207 in
834 2165 944 2209 vino
976 2163 1287 2208 infundantur
1319 2163 1366 2205 et
1398 2160 1494 2205 alia
1527 2160 1602 2205 die
1634 2160 1729 2205 levi
1756 2175 1907 2218 pruna

216 2228 478 2279 coquantur
508 2228 703 2284 modice,
738 2233 785 2274 et
817 2232 972 2276 colato
1004 2230 1114 2275 vino
1146 2229 1239 2286 ipsi
1272 2227 1451 2284 dactyli
1482 2242 1510 2271 a
1533 2227 1745 2284 patiente
1776 2242 1907 2271 man-

147 2300 193 2331 30
219 2290 459 2348 ducentur,
493 2296 540 2337 et
572 2294 733 2339 vinum
765 2297 973 2342 calidum
1002 2296 1138 2354 potui
1171 2296 1319 2340 detur.

333 2458 361 2496 4
390 2456 498 2500 hacc
529 2459 654 2501 rubr.
688 2472 770 2526 scr.
806 2461 843 2503 b.
967 2460 1018 2503 in
1050 2440 1173 2503 sto‘in
1204 2460 1242 2503 b.
1337 2464 1362 2502 5
1395 2459 1618 2512 congesta
1652 2458 1690 2501 b.
1806 2456 1904 2500 oxi-

214 2540 307 2584 mel
340 2544 378 2586 b.
531 2550 556 2588 6
591 2528 788 2590 cortices
824 2549 927 2604 (ips.
962 2551 1097 2604 corr.)
1133 2550 1171 2593 b.
1325 2551 1349 2590 7
1381 2545 1451 2591 in:
1485 2548 1534 2589 et
1564 2545 1615 2588 in
1646 2546 1683 2589 b.
1832 2544 1902 2587 in-

214 2627 372 2673 fundis
406 2633 442 2675 b.
605 2638 630 2676 9
664 2635 823 2679 addes.
856 2627 906 2681 ff.
934 2638 972 2681 b.
1117 2641 1170 2679 11
1206 2635 1415 2693 epytima
1444 2615 1713 2691 poliarchin·
1743 2634 1781 2678 b-

217 2690 273 2729 14
303 2688 472 2733 rafam-1
491 2726 499 2734 .
521 2727 529 2734 .
551 2727 559 2735 .
579 2695 767 2749 sumptu
800 2696 837 2739 b.
933 2700 987 2739 16
1020 2696 1300 2740 candentem
1318 2697 1342 2740 b
1362 2699 1434 2749 (ut
1463 2708 1606 2750 supra
1636 2694 1699 2737 ad
1727 2695 1773 2747 2,
1801 2695 1899 2746 86)·

217 2749 272 2787 17
303 2746 450 2791 herba
483 2752 585 2815 (sic)
622 2753 646 2795 b
681 2756 783 2806 (om.
818 2755 1001 2810 qualis).
1185 2759 1239 2797 19
1271 2753 1426 2798 tineas
1459 2754 1497 2797 b.
1660 2755 1715 2795 20
1747 2749 1901 2795 additi

215 2802 374 2848 Rutha
405 2822 429 2849 τ
458 2821 568 2865 plpe
601 2811 639 2853 b.
763 2816 816 2854 21
853 2813 1048 2857 decocta
1079 2815 1128 2857 et
1153 2849 1161 2857 .
1190 2849 1199 2857 .
1229 2849 1237 2857 .
1264 2815 1302 2858 b.
1426 2816 1480 2855 22
1514 2810 1731 2855 oximelle
1764 2812 1801 2855 b·

213 2861 355 2927 ynule
388 2865 426 2907 b.
520 2870 575 2908 23
607 2867 820 2927 Tytarite
852 2870 996 2931 herbg³
1030 2874 1075 2916 b:
1108 2886 1270 2916 nomen
1299 2873 1340 2916 h.
1368 2885 1479 2916 corr.
1512 2871 1654 2914 omisi.
1741 2874 1798 2913 24
1828 2867 1900 2925 pi-

215 2919 302 2963 s1le
336 2923 438 2977 (sic)
474 2924 499 2967 b
525 2926 692 2980 (aquae
722 2927 955 2986 pusiHOP).
