1988 3184
635 153 718 194 DE
749 149 1011 195 SIMPL'ICI
1040 150 1349 194 MEDICINA.
1735 147 1842 198 421

41 302 43 307 ·
73 290 159 331 122
281 284 538 342 Smyrna,
569 297 690 340 quae
721 282 989 341 appellatur
1018 295 1188 338 murra,
1221 280 1378 325 calida
1410 282 1458 324 et
1490 279 1614 324 sicca
1647 279 1846 324 nimium

162 352 246 396 est.
294 352 344 395 et
379 350 547 408 plagas
586 349 756 407 capitis
800 347 956 406 pulvis
1001 347 1149 405 ipsius
1196 346 1462 392 consolidat
1503 349 1552 391 et
1592 345 1845 391 lumbricos

34 459 35 462 ,
163 416 399 474 interficit,
433 416 479 461 si
511 416 638 473 quis
671 415 987 473 scripulum
1015 414 1067 458 in
1095 413 1337 471 potionem
1368 413 1562 459 dederit.

0 478 30 532 J}
74 487 160 528 123
282 483 466 540 Stear‚
498 482 550 526 id
581 485 653 527 est
684 481 847 539 adipes
880 481 1066 526 diversi.
1100 481 1263 538 adipes
1295 481 1520 526 virtutem
1549 480 1733 538 porcini
1763 481 1846 525 ha-

15 552 19 559 ‘
159 551 276 595 bent
308 548 512 594 calidam
542 552 591 594 et
620 551 874 604 umectam,
917 547 1040 592 sicut
1077 549 1126 592 et
1157 547 1323 592 oleum.
1363 547 1545 592 faciunt
1584 548 1647 591 ad
1686 561 1845 592 omnes
1892 555 1914 588 5

160 618 381 672 tumores
414 615 454 660 si
485 630 591 660 cum
622 613 978 672 cataplasmatis
1003 612 1243 657 commixti
1266 612 1453 658 fuerint.
1488 612 1650 670 adipes
1675 612 1846 656 hircini

161 680 404 725 sicciorem
433 681 658 725 virtutem
680 680 860 724 habent
889 693 1030 734 quam
1052 679 1247 736 porcini,
1280 680 1404 724 unde
1427 694 1607 723 morsus
1631 678 1847 723 intestini

161 748 243 805 qui
274 762 332 793 ex
362 747 625 792 acritudine
656 760 871 790 umorum
900 745 977 790 vel
1011 745 1330 802 dysentericos
1370 760 1476 789 cum
1518 744 1737 801 clysterio
1770 758 1846 787 cu-

158 828 342 870 ramus,
405 815 453 857 et
513 812 741 856 solacium
792 812 1047 868 praebetur
1101 811 1354 856 doloribus.
1418 811 1581 868 adipes
1641 810 1847 855 anserini

158 881 420 925 tenuiorem
449 879 674 924 virtutem
703 879 895 924 liabent.
932 877 1134 934 denique
1166 891 1331 921 causas
1364 877 1456 921 coli
1488 891 1593 921 cum
1625 875 1843 932 clysterio
1868 887 1912 919 10

160 960 374 991 curamus
405 945 482 990 vel
514 945 616 989 oleo
650 945 856 989 anetino.
890 944 1058 988 similis
1089 943 1278 989 virtutis
1311 946 1420 987 sunt
1444 946 1491 988 et
1516 943 1679 1000 adipes
1710 943 1848 1000 galli-

158 1012 296 1058 nacii.
337 1011 514 1056 taurini
545 1011 709 1068 adipes
743 1010 1017 1055 calidiorem
1048 1010 1272 1055 virtutem
1302 1010 1481 1054 habent
1512 1012 1560 1054 et
1591 1009 1845 1055 sicciorem.
1877 1019 1880 1021 ’

160 1079 242 1124 sed
274 1078 436 1135 adipes
468 1076 659 1134 leonini,
690 1078 745 1120 ut
775 1075 966 1133 taurini,
1004 1075 1267 1121 calidiores.
1301 1079 1348 1120 et
1380 1076 1640 1120 sicceseunt
1671 1078 1719 1120 et
1741 1076 1847 1132 plus

161 1143 447 1189 calefaciunt
500 1146 548 1188 et
594 1145 823 1200 spargunt
869 1145 917 1187 et
963 1145 1219 1188 extenuant
1272 1142 1450 1187 leonini
1496 1142 1659 1199 adipes
1707 1156 1849 1198 quam

161 1211 324 1267 adipes
357 1210 564 1254 omnium
594 1209 963 1265 quadrupedum.
996 1209 1144 1253 ursini
1174 1223 1284 1254 vero
1318 1209 1524 1253 calidam
1546 1208 1771 1253 virtutem
1799 1210 1846 1252 et
1871 1216 1914 1249 15

160 1279 349 1320 tenuem
372 1276 550 1320 habent
573 1278 621 1320 et
644 1275 798 1320 tineas
831 1279 1008 1321 curant.
1048 1291 1206 1321 omnes
1238 1276 1399 1331 itaque
1433 1275 1596 1332 adipes
1621 1277 1849 1331 quantum

160 1342 549 1399 inveteraverint‚
589 1344 777 1386 tantum
815 1342 1063 1387 calidiores
1103 1343 1222 1386 fiunt
1253 1342 1472 1401 (magis)
1506 1344 1553 1386 et
1593 1341 1848 1386 extenuant

163 1411 211 1453 et
243 1408 422 1453 siccant
453 1422 649 1452 umores.

75 1480 160 1520 124
281 1474 617 1531 Smyrnium‚
649 1474 701 1518 id
733 1477 804 1518 est
835 1488 993 1518 semen
1023 1474 1268 1530 holusatri,
1301 1473 1508 1517 calidum
1532 1475 1579 1517 et
1604 1473 1777 1517 siccum
1801 1475 1848 1517 et

161 1540 388 1596 umidum,
420 1542 467 1584 et
498 1539 657 1583 urinas
690 1542 738 1584 et
768 1542 1008 1584 menstrua
1037 1543 1275 1596 provocat.
1869 1546 1914 1578 20

75 1611 158 1651 125
280 1604 598 1661 Tithymali
631 1619 789 1649 omnes
821 1604 1046 1648 virtutem
1076 1605 1281 1649 calidam
1312 1607 1360 1649 et
1391 1604 1617 1648 acriorem
1653 1605 1844 1661 habent,

165 1674 213 1716 et
236 1670 402 1714 fortior
426 1672 498 1714 est
513 1671 663 1726 primo
687 1670 842 1726 liquor
858 1684 1031 1727 eorum,
1051 1672 1252 1742 secundo
1276 1670 1454 1715 fructus
1480 1672 1527 1714 et
1550 1670 1680 1725 folia,
1704 1670 1845 1714 tertio

284 1833 461 1891 [Simon
497 1847 531 1877 s.
575 1832 708 1876 Sion
741 1867 749 1875 .
778 1868 823 1876 ..
858 1832 998 1876 Theo.
1039 1831 1131 1876 Pri.
1172 1832 1219 1876 li.
1263 1832 1319 1876 de
1367 1831 1570 1888 simplici
1613 1832 1848 1876 medicina

165 1892 530 1937 sisimbrium
560 1891 698 1934 multi
730 1891 1047 1935 cardaminem
1078 1891 1161 1934 alii
1194 1891 1296 1935 sion
1329 1890 1490 1934 dicunt
1522 1893 1629 1949 etc]

286 1955 339 1994 19
374 1950 531 1995 Simon
561 1965 594 1994 s.
638 1949 871 1993 Smirnion
890 1986 897 1994 .
919 1986 956 1994 ..
983 1949 1123 1994 Theo.
1157 1949 1318 1994 Prisci.
1351 1949 1399 1994 li.
1431 1950 1488 1993 de
1522 1949 1723 2006 simplici
1754 1963 1848 1993 me-

167 2009 326 2054 dicina
358 2009 475 2053 dicit
507 2008 731 2052 smirnion
763 2022 862 2052 esse
895 2022 1053 2052 semen
1084 2008 1338 2053 alexandri.
1378 2008 1567 2053 videtur
1596 2023 1679 2065 per
1709 2009 1847 2051 huius

168 2068 531 2124 descriptionem
562 2068 688 2123 quod
717 2067 793 2111 vel
819 2069 890 2111 est
922 2066 1173 2111 olixatrum
1204 2082 1284 2112 seu
1314 2068 1619 2112 alexandrum
1646 2069 1749 2125 (sic)
1774 2067 1850 2111 vel

170 2127 262 2171 sibi
296 2127 460 2171 simile.

289 2277 312 2315 1
347 2271 529 2316 Smirna
562 2273 618 2318 G.
739 2272 882 2316 mirra
917 2273 972 2318 G.
1093 2278 1118 2315 2
1150 2272 1315 2330 pulver
1349 2273 1403 2317 G.
1526 2271 1771 2316 consoldat
1795 2272 1849 2317 G.

169 2336 194 2375 3
226 2330 514 2374 interficiunt
548 2331 602 2375 G.
725 2336 753 2374 4
777 2331 844 2375 De
878 2331 1138 2377 stamidem.
1173 2331 1431 2376 Stamidem
1454 2330 1616 2388 adipes
1642 2330 1850 2375 diversos

169 2389 332 2446 adipes
363 2389 588 2433 virtutem
616 2405 660 2446 p.
696 2390 840 2434 abent
865 2426 874 2433 .
903 2427 911 2435 .
940 2426 948 2435 .
979 2390 1032 2435 G.
1170 2394 1196 2434 5
1227 2391 1508 2435 humectum.
1544 2389 1690 2433 siccat
1722 2389 1759 2433 sc
1794 2390 1848 2435 G.

169 2455 193 2493 6
229 2453 285 2492 οῦ
318 2448 662 2504 cataplasmata
693 2448 980 2493 conmixtum
1010 2448 1152 2493 fuerit
1187 2449 1241 2495 G.
1467 2448 1685 2493 CXXVII.
1718 2449 1848 2493 Item.

167 2507 343 2563 Adipes
374 2506 546 2551 ircinos
583 2507 636 2551 G.
821 2512 844 2551 7
876 2507 1098 2552 intestine
1130 2510 1306 2565 q3(que)
1338 2521 1395 2552 ex
1426 2507 1737 2552 acritudinem
1766 2507 1851 2550 hu-

166 2570 299 2610 morfi
320 2565 375 2610 G.
468 2570 494 2608 8
527 2570 583 2609 cu
615 2565 820 2610 elisterio
857 2566 911 2611 G.
998 2572 1022 2610 9
1042 2566 1263 2611 solatium
1282 2567 1337 2611 G.
1422 2566 1635 2611 anserine
1655 2567 1771 2622 (hic)
1795 2565 1848 2610 G.

170 2629 225 2668 10
257 2624 401 2668 abent
436 2624 489 2669 G.
627 2624 778 2668 colicfi
810 2624 1006 2669 clistirio
1043 2626 1096 2670 G.
1235 2631 1286 2671 11
1321 2625 1506 2670 uetoleo
1539 2624 1714 2669 ansvico
1748 2639 1782 2670 s,
1806 2640 1849 2670 v.

170 2685 290 2727 sunt.
323 2683 385 2726 Et
416 2683 490 2726 ad.
523 2698 566 2740 g.
604 2683 658 2728 G.
846 2683 1067 2741 galinatii
1102 2684 1156 2730 G.
1309 2690 1363 2729 13
1398 2685 1435 2729 δῦ
1465 2683 1642 2729 taurini
1676 2684 1730 2728 G.

171 2746 227 2786 14
257 2741 505 2798 ispargunt
539 2742 593 2786 G.
686 2756 847 2798 quam:
881 2745 1082 2798 quatuor
1110 2744 1205 2788 cod.
1298 2749 1352 2787 16
1377 2743 1530 2788 tineas
1555 2743 1852 2800 (ἀλωπεκίαις

173 2800 276 2845 Gal.
290 2800 409 2856 XII,
426 2802 545 2857 331).
624 2805 678 2844 17
695 2801 846 2858 magis
864 2803 1039 2847 addidi.
1103 2807 1158 2846 19
1176 2801 1405 2847 CXXVIII
1419 2804 1488 2847 De
1513 2804 1661 2859 sm0(y
1676 2803 1853 2859 eormr-

168 2889 311 2932 nium.
343 2887 501 2944 Smo(y
527 2889 816 2947 corr.)rnium
836 2889 889 2935 G.
1102 2873 1285 2936 ohsdtri
1313 2891 1356 2936 G
1387 2893 1462 2947 (cf.
1488 2891 1689 2937 Scribon.
1721 2892 1852 2945 126).

171 2952 227 2991 20
243 2946 488 2991 humidum
507 2947 561 2992 G.
647 2947 802 2992 orinas
823 2948 877 2994 G.
989 2953 1043 2994 21
1061 2950 1129 2994 De
1145 2949 1383 2996 titimallo.
1401 2950 1650 2996 Titimalus
1672 2954 1775 2995 δῇ
1794 2949 1852 2995 G.
