1988 3184
33 775 35 778 ’
72 808 101 861 1

531 692 944 750 Antidotarium
989 693 1378 753 Bruxellense.

270 848 316 860 ..
343 850 353 860 .
378 809 588 859 ibiscum
627 814 676 857 et
722 810 907 858 caricas
956 808 1197 857 discoctas
1246 815 1295 857 et
1339 812 1481 859 tritas
1522 810 1796 875 diligenter,

16 886 45 943 ’ῃ
119 884 206 934 ubi
251 884 493 933 admisces
538 883 673 947 passi
719 881 993 931 calicellum
1030 880 1253 946 plenum,
1300 883 1519 932 modicae
1560 885 1796 947 axungiae

118 959 350 1022 porcinae
390 958 530 1021 quasi
560 956 759 1005 unciam
790 961 839 1003 et
868 954 1103 1019 pollinem
1135 954 1194 1003 de
1233 954 1433 1021 hordeO,
1472 958 1538 1004 ita
1569 962 1623 1004 ut
1654 956 1799 1005 ibisci

117 1033 225 1080 triti
261 1032 432 1079 uncias
470 1029 514 1078 ΙΙ
553 1030 825 1079 caricarum
862 1030 1034 1077 uncias
1065 1027 1107 1075 II
1146 1042 1245 1075 non
1284 1028 1583 1077 febricitanti
1619 1030 1795 1078 admis-

118 1119 230 1154 ceas
270 1119 381 1153 cum
420 1108 656 1167 quantum
693 1117 887 1151 merum
933 1107 1029 1166 est,
1076 1100 1376 1149 febricitanti
1422 1107 1584 1150 autem
1623 1118 1798 1166 aquam

119 1177 178 1226 de
228 1176 385 1225 ibisco
434 1183 482 1225 et
529 1177 704 1225 caricis
751 1175 838 1224 ubi
882 1174 1164 1224 bullierunt.
1227 1174 1320 1222 hoc
1367 1174 1661 1239 cataplasma
1707 1177 1797 1224 im-

117 1265 294 1315 poneS,
341 1256 390 1298 et
427 1253 590 1313 usque
631 1252 682 1298 in
721 1249 930 1298 alterum
976 1247 1108 1296 diem
1154 1263 1296 1296 mane
1347 1247 1535 1296 habeat.
1592 1255 1640 1297 et
1678 1250 1797 1297 item

118 1323 211 1372 alia
259 1322 486 1372 similiter
532 1323 682 1372 facias
728 1337 817 1387 per
863 1321 968 1370 dies
999 1321 1050 1368 V.
1090 1327 1261 1385 postea
1309 1320 1591 1369 diameliton
1639 1321 1796 1371 solves

10 1390 21 1454 f
88 1412 232 1459 ,cum
270 1402 436 1445 ceroto
476 1401 524 1444 et
562 1411 732 1462 pones,
772 1395 948 1444 deinde
988 1396 1162 1458 iunges
1202 1396 1253 1441 in
1288 1395 1394 1458 ipso
1436 1393 1718 1443 diameliton
1750 1402 1798 1443 et

118 1469 419 1535 aliquantum
457 1469 832 1534 diaspermaton.
882 1474 930 1516 et
977 1482 1088 1516 cum
1127 1467 1380 1515 meliorata
1423 1469 1539 1532 erit,
1586 1467 1672 1515 das
1711 1483 1797 1531 po-

115 1545 303 1593 tionem
342 1543 642 1592 athanasiam
680 1545 731 1592 in
772 1557 895 1606 aqua
928 1540 1082 1589 calida
1114 1546 1162 1588 et
1194 1539 1411 1588 cocleare
1452 1555 1606 1588 unum
1638 1540 1796 1589 mellis

119 1623 168 1665 et
207 1616 425 1666 cocleare
464 1632 618 1665 unum
656 1618 794 1666 aceti.
835 1616 927 1663 hoc
958 1629 1048 1678 per
1086 1613 1305 1661 triduum
1345 1613 1478 1678 facis7
1519 1619 1567 1661 et
1604 1615 1646 1661 si
1676 1629 1796 1662 usus

120 1691 337 1754 exegerit
375 1691 556 1739 iterum
595 1692 778 1755 repetis
820 1686 1124 1751 cataplasma.

265 1763 342 1812 Ad
382 1765 614 1812 vesicae
655 1769 845 1812 autem
884 1760 1148 1808 dolorem
1186 1759 1306 1807 facis
1346 1773 1522 1822 aquam
1554 1758 1613 1806 de
1655 1758 1794 1806 faeno

119 1852 292 1901 graeco
333 1852 446 1885 cum
484 1836 639 1885 ibisco
681 1842 728 1884 et
768 1832 1060 1883 fomentabis
1102 1847 1250 1895 super
1288 1833 1534 1895 pectinem
1575 1830 1633 1879 de
1674 1847 1798 1895 aqua

119 1909 296 1976 calida,
334 1911 402 1958 ita
439 1916 494 1959 ut
533 1916 643 1958 ante
685 1909 790 1956 oleo
832 1906 987 1955 calido
1029 1907 1191 1953 omnia
1229 1904 1335 1953 loca
1384 1919 1506 1968 quae
1544 1905 1799 1968 patiuntur

117 1998 411 2048 perunguas
454 1999 576 2047 quae
611 1998 722 2031 cum
755 1982 889 2045 faciS‚
927 1978 1121 2027 sedebis
1155 1993 1303 2042 super
1334 1977 1516 2041 pelvim
1546 1979 1796 2025 maiorem.

238 2143 262 2181 1
295 2137 586 2182 Antidotarii
622 2137 756 2182 titulo
803 2135 980 2190 appello
1025 2147 1138 2190 quae
1180 2134 1233 2176 iri
1270 2133 1364 2177 cod.
1398 2133 1546 2177 Bruae.
1588 2137 1799 2187 excerpta

117 2198 316 2241 remedia
352 2202 601 2253 sequuntur
631 2209 686 2239 em
716 2195 858 2238 variis
889 2193 1147 2237 auctoribus
1173 2192 1249 2246 (cf.
1275 2205 1310 2235 c.
1337 2194 1406 2235 71.
1441 2193 1543 2234 130.
1577 2192 1679 2233 142.
1712 2192 1799 2233 143

118 2258 217 2311 etc.)
250 2260 459 2312 co‘nqesta
484 2257 613 2309 (saec.
637 2255 731 2308 fere
760 2253 909 2307 serti).
934 2252 991 2306 cf.
1019 2250 1131 2293 deus
1156 2252 1232 2293 88.
1324 2253 1350 2291 2
1382 2247 1634 2292 hibiscum:
1659 2248 1724 2291 sic
1754 2248 1800 2291 B

121 2315 190 2370 (iri
211 2328 354 2371 marq.
378 2312 474 2368 ΙΠ.)
485 2318 590 2368 post
599 2312 833 2356 Prisciani
850 2315 1047 2354 extrema
1065 2309 1238 2361 verba(.
1253 2343 1282 2352 ..
1303 2306 1560 2363 designabo
1585 2304 1799 2362 collecta)

118 2373 285 2416 subicit
313 2372 610 2416 remediorum
639 2370 899 2426 coriyeriem,
930 2381 1066 2424 quam
1088 2380 1143 2410 eoe
1166 2368 1264 2422 ipso
1288 2367 1437 2410 codice
1459 2366 1622 2409 collato
1653 2370 1800 2420 repeto

122 2431 275 2475 leviter
305 2435 559 2474 correctam.
592 2430 644 2472 iri
667 2442 759 2484 qua
788 2441 835 2471 re
867 2440 980 2483 quae
1006 2425 1260 2469 inconsulto
1291 2424 1633 2478 confundwntw
1663 2436 1797 2478 prae-

120 2490 245 2533 teriti
268 2494 310 2533 et
329 2488 482 2542 futuri
496 2487 707 2542 temporis
731 2487 783 2529 iri
797 2485 1044 2529 scribendis
1066 2483 1274 2528 remediis
1295 2483 1480 2536 formae,
1503 2495 1580 2526 eas
1602 2482 1674 2525 hic
1696 2494 1799 2525 cori-

119 2548 237 2591 sulto
261 2548 458 2590 intactas
480 2546 657 2601 reliqui,
680 2549 733 2588 ut
756 2544 939 2588 arbitrii
962 2543 1193 2599 quamdam
1207 2541 1371 2585 habeas
1392 2541 1648 2597 imaqinem,
1666 2553 1802 2595 quam

116 2618 214 2649 ‘non
243 2605 443 2661 corriqas
471 2604 566 2647 nisi
595 2603 803 2647 arbitrio.
933 2605 958 2643 3
992 2599 1223 2656 exungiae
1255 2601 1328 2654 (ut
1357 2599 1487 2653 infra
1517 2601 1704 2654 semper)
1739 2598 1798 2642 B.

119 2668 151 2706 4
181 2661 352 2705 hibisci
386 2664 456 2716 (ut
485 2661 615 2716 infra
645 2663 834 2716 semper)
861 2659 920 2703 B.
1042 2663 1068 2702 5
1099 2663 1193 2701 unc
1221 2657 1269 2701 [1
1297 2693 1306 2701 .
1332 2691 1341 2700 .
1370 2692 1378 2701 .
1403 2661 1494 2699 unE
1523 2656 1574 2700 U
1603 2655 1708 2713 (V‘P)
1740 2657 1798 2701 Β.

123 2725 180 2764 10
203 2720 308 2777 ipsa
323 2720 369 2763 B
395 2720 517 2775 (ed).
611 2723 664 2762 11
684 2719 1011 2774 despermaton
1025 2718 1084 2761 B.
1168 2715 1416 2760 meliorata
1440 2714 1530 2759 erit
1544 2715 1592 2759 B
1616 2714 1801 2772 (melius

120 2778 296 2822 habere
328 2776 567 2834 coeperint
596 2778 694 2834 ed.).
732 2778 827 2832 fuit
856 2777 998 2834 iyitur
1028 2781 1122 2820 ant.
1147 2777 1209 2820 ad
1237 2775 1548 2819 muliebria.
1643 2778 1696 2817 12
1710 2775 1801 2830 (13)

121 2836 306 2938 coclzlear
321 2837 380 2938 Ξ.
475 2839 529 2879 15
552 2834 801 2893 fenogreco
817 2835 864 2878 B
882 2836 1007 2890 (item
1027 2835 1193 2890 infra).
1298 2836 1352 2876 18
1375 2831 1552 2889 pelvim
1573 2845 1685 2878 corr.
1711 2833 1800 2877 ed.:

120 2908 184 2952 pe
224 2908 299 2939 em
379 2930 387 2939 .
699 2917 701 2919 ·

1825 1406 1865 1437 10

1822 1768 1864 1800 15
