1988 3184
653 102 738 145 DE
768 101 1035 146 summor
1059 101 1368 148 unmomA.
1739 102 1848 157 409

171 234 224 278 et
261 232 452 279 siccant.
494 233 677 278 faciunt
715 233 778 278 ad
808 236 994 278 umecta
1035 233 1231 279 vulnera
1273 237 1323 279 et
1354 232 1595 280 cicatrices
1636 235 1850 281 difficiles

169 298 357 356 iuvant,
397 299 621 355 quoniam
657 298 846 343 virtutis
880 299 1110 356 stypticae
1143 302 1263 346 sunt.
1299 303 1347 345 et
1378 302 1440 345 ad
1470 315 1633 346 renum
1667 302 1850 360 lapides

170 365 365 423 faciunt,
397 365 594 411 vulnera
624 379 808 422 quoque
839 364 1004 425 (oris)
1036 368 1214 410 curant.

81 435 139 476 45
287 432 535 489 Daucus,
589 431 672 488 qui
715 434 1014 488 nuncupatur
1056 432 1325 489 pastinaca,
1377 433 1600 478 virtutem
1647 434 1852 479 calidam

169 497 318 542 habet
346 497 465 558 (et)
496 500 732 543 extenuat.
764 498 901 542 radix
923 511 1032 542 vero
1065 498 1164 542 eius
1195 499 1530 544 ventositatem
1562 500 1679 544 facit
1710 503 1758 545 et
1789 501 1852 544 ad
1896 512 1918 546 5

167 576 387 608 venerem
415 566 654 621 provocat.
688 577 846 608 semen
875 563 1037 619 itaque
1069 564 1230 621 ipsius,
1262 564 1314 608 id
1338 567 1410 609 est
1441 566 1701 623 domestiei,
1725 566 1852 610 idem

168 629 288 674 facit
303 631 444 686 quod
473 630 630 687 radix,
671 630 870 688 agrestis
909 644 1019 675 vero
1051 630 1239 674 omnino
1271 633 1320 676 et
1349 632 1683 677 ventositatem
1715 634 1852 676 sanat

171 697 222 740 et
250 688 437 740 urinam
465 698 692 753 provocat
723 699 771 740 et
799 698 1052 742 menstrua.

79 766 137 805 46
287 761 647 806 Dictamnum
678 761 885 806 calidum
915 764 989 806 est
1020 764 1068 806 et
1107 765 1330 807 extenuat
1366 777 1549 808 umores
1587 764 1736 809 veluti
1766 777 1851 822 pu-

168 826 328 872 leium.
1471 849 1481 859 ·
1875 843 1918 874 10

78 897 137 936 47
286 892 556 949 Difryges
587 892 764 938 mixtae
795 893 985 938 virtutis
1018 896 1090 938 est
1129 893 1179 937 id
1211 896 1282 938 est
1321 895 1504 940 calidae
1545 898 1593 940 et
1634 896 1849 953 frigidae.

168 960 242 1003 est
273 959 398 1003 enim
429 961 477 1003 et
509 959 764 1015 stypticum
795 962 843 1003 et
874 974 993 1003 acre.
1033 959 1208 1004 idcirco
1249 962 1297 1004 et
1337 960 1628 1005 difficillimis
1669 965 1717 1006 et
1754 976 1852 1006 ma—

166 1024 312 1082 lignis
342 1024 615 1069 vulneribus
647 1027 720 1069 est
748 1025 1041 1070 medicamen
1073 1026 1314 1082 optimum.

78 1094 137 1135 48
287 1090 522 1135 Dactuli
547 1090 730 1135 calidae
754 1090 944 1135 virtutis
970 1093 1091 1147 sunt,
1126 1093 1174 1134 et
1196 1091 1408 1148 impositi
1431 1091 1536 1136 triti
1562 1093 1853 1137 stomachum

169 1156 437 1200 confortant
468 1155 549 1212 qui
582 1156 738 1200 cibum
767 1156 944 1201 reiciet.
1466 1187 1471 1192 -
1874 1170 1917 1203 15

59 1223 137 1266 ‘49
287 1221 426 1266 Eleb
439 1221 523 1266 ori
553 1222 732 1266 habent
762 1222 986 1267 virtutem
1025 1223 1250 1281 calidam,
1291 1226 1340 1268 et
1378 1226 1627 1281 extergunt
1657 1239 1850 1281 umorss,

169 1291 217 1334 et
246 1288 428 1332 faciunt
459 1289 522 1332 ad
560 1287 811 1345 lentigines
852 1291 900 1333 et
939 1290 1123 1333 scabias
1156 1292 1204 1334 et
1242 1290 1554 1347 impetigines.
1594 1291 1729 1347 niger
1760 1291 1852 1335 ele-

167 1355 310 1399 borus
343 1354 534 1411 syringa
566 1355 809 1411 extenuat,
842 1357 891 1399 et
924 1356 985 1399 ad
1018 1356 1229 1399 dentium
1259 1356 1512 1413 (dolores)
1543 1356 1659 1401 facit
1692 1359 1850 1400 coctus

168 1421 219 1464 in
250 1422 398 1476 aceto,
430 1420 500 1464 ita
531 1421 584 1463 ut
614 1420 769 1476 ipsum
800 1424 984 1466 acetum
1014 1422 1064 1465 in
1096 1436 1173 1466 ore
1212 1424 1386 1467 teneat.
1421 1423 1686 1467 eleborus
1718 1437 1849 1467 vero

167 1487 331 1544 niger
354 1500 600 1530 umorem
622 1486 847 1543 nigrum
871 1488 1110 1545 deponit
1132 1501 1230 1544 per
1252 1490 1535 1544 ventrem,
1562 1489 1727 1533 albus
1751 1503 1849 1546 per
1873 1503 1916 1534 20

167 1552 442 1597 vomitum
472 1554 681 1609 purgat
712 1552 895 1609 ipsum
925 1567 1172 1597 umorem
1202 1553 1692 1598 melancholicum.

80 1629 137 1670 50
286 1625 550 1682 Erpyllus
589 1626 639 1669 in
676 1628 862 1670 tantum
903 1626 1085 1670 calidae
1117 1626 1306 1671 virtutis
1347 1630 1418 1671 est
1449 1629 1502 1671 ut
1534 1630 1582 1671 et
1611 1631 1850 1672 menstrua

82 1693 87 1697 ”
169 1694 217 1736 et
247 1692 431 1736 urinam
460 1694 695 1749 provocet.

81 1770 135 1812 51
287 1765 663 1822 Eupatorium
693 1765 840 1810 herba
873 1767 1096 1809 extenuat
1128 1768 1176 1810 et
1208 1766 1438 1824 dispergit
1460 1780 1656 1825 umores,
1689 1768 1848 1812 urinas

287 1931 315 1969 4
361 1926 518 1972 Simon
554 1941 587 1971 s.
638 1926 853 1970 Stafilina
905 1939 1053 1982 grece.
1102 1926 1243 1972 Theo,
1290 1927 1406 1972 Pris.
1455 1930 1526 1971 est
1570 1928 1849 1984 pastinacha

168 1985 367 2042 agrestis
401 1999 542 2041 quam
571 1985 710 2029 multi
743 1999 871 2029 ceras
906 1985 1079 2029 dicunt.

286 2045 391 2088 add.
434 2043 591 2088 Simon
622 2059 654 2088 s.
697 2044 847 2088 Ceras.
890 2044 1160 2088 Theodorus
1191 2043 1457 2088 Priscianus
1496 2045 1618 2089 libro
1652 2046 1708 2090 de
1741 2046 1850 2090 sim·

165 2102 281 2159 plici
311 2102 547 2146 medicina
579 2102 645 2146 sic
668 2104 872 2147 ‘vocatur
903 2114 934 2145 a>
961 2102 1121 2146 multis
1162 2102 1419 2159 staphilina
1437 2131 1439 2134 ι
1459 2104 1656 2160 agrestis
1696 2105 1746 2148 id
1778 2107 1850 2149 est

168 2161 416 2217 pastinaca
450 2162 524 2217 (cf.
558 2162 713 2206 Diosc.
741 2165 783 2216 3,
812 2161 994 2223 522123.
1027 2162 1169 2218 Apul.
1202 2163 1254 2205 de
1284 2163 1432 2206 herbis
1463 2176 1498 2207 c.
1532 2166 1628 2218 80).

288 2312 311 2350 1
337 2306 454 2351 facit
473 2306 527 2351 G.
620 2312 645 2350 2
670 2307 838 2351 iubant
857 2306 910 2351 G.
998 2306 1183 2363 stiptice
1209 2309 1280 2351 est
1300 2307 1353 2352 G.
1418 2309 1479 2351 ad
1508 2321 1642 2352 renes
1665 2308 1847 2365 lapides

167 2365 284 2409 facit
304 2365 357 2410 G.
421 2370 447 2408 3
466 2364 557 2409 oris
575 2367 679 2410 add.
702 2366 804 2410 Gal.
875 2367 1007 2409 curat
1027 2366 1080 2409 G.
1144 2370 1171 2408 4
1188 2365 1434 2410 bastinaca
1455 2367 1508 2411 G.
1578 2371 1604 2410 5
1623 2369 1670 2411 et
1686 2381 1768 2412 om.
1791 2368 1845 2414 G.

169 2430 195 2467 6
226 2426 437 2468 ventrem
471 2424 525 2468 G.
647 2423 793 2469 idem:
826 2424 877 2467 id
905 2424 959 2468 G.
1084 2429 1108 2467 7
1141 2425 1286 2479 quod:
1319 2439 1410 2480 quo
1447 2425 1501 2470 G.
1624 2425 1756 2470 orina
1791 2426 1845 2472 G.

168 2487 194 2526 9
225 2482 357 2526 velut
387 2482 645 2539 ipolegium
679 2483 732 2527 G.
885 2486 941 2525 13
974 2482 1202 2526 obtimum
1237 2482 1308 2527 G.‘
1467 2489 1523 2527 14
1552 2484 1621 2527 De
1655 2485 1846 2530 dactali.

165 2540 356 2585 Dactali
383 2542 426 2584 G
459 2542 585 2596 (Gal.
612 2541 733 2596 XII,
757 2544 844 2585 151
891 2542 948 2596 cf.
979 2541 1138 2596 Orio).
1259 2541 1453 2598 inpositi
1482 2543 1534 2586 G.
1660 2548 1714 2586 15
1740 2557 1847 2587 con-

166 2599 347 2643 fortans
378 2614 420 2654 q.
455 2613 491 2644 c.
524 2599 721 2643 reiciens
757 2600 800 2644 G
832 2601 908 2655 (cf.
946 2600 1027 2644 Th.
1060 2601 1113 2644 de
1144 2601 1330 2656 diaeta).
1478 2606 1533 2645 16
1562 2601 1632 2645 Ι)6
1665 2601 1845 2648 elibori.

166 2657 385 2702 Eliborus
410 2658 512 2701 ab&
539 2658 593 2702 G.
687 2662 742 2701 17
768 2658 950 2702 scabies
975 2660 1023 2702 et
1044 2657 1328 2715 inpetigines
1357 2660 1411 2705 G.
1505 2664 1560 2703 18
1586 2659 1763 2717 siringa
1790 2661 1845 2706 G.

287 2716 498 2760 dentium
529 2718 628 2773 (om.
663 2716 862 2774 dolores)
897 2717 939 2761 G
972 2718 1046 2772 (cf.
1086 2718 1242 2773 Orio).
1466 2723 1523 2762 20
1553 2718 1746 2763 humore
1776 2719 1848 2763 ni-

166 2789 303 2832 grum
336 2775 390 2819 G.
526 2775 709 2820 vomica
744 2775 798 2820 G.
972 2780 1029 2819 22
1059 2775 1127 2819 De
1160 2776 1338 2832 erpillo.
1370 2777 1576 2834 Erpillus
1611 2777 1665 2823 G.
1798 2778 1849 2822 in

166 2835 354 2878 tantum
384 2835 521 2878 etiam
556 2835 629 2880 Or.
666 2835 795 2891 (quia
826 2834 891 2886 εἰς
920 2841 1143 2880 τοσοῦτον
1178 2834 1316 2892 aaa).
1409 2840 1466 2879 23
1497 2835 1712 2880 horinam
1741 2851 1848 2894 pro-

165 2894 307 2937 vocat
339 2894 442 2949 (sic)
478 2893 532 2938 G.
648 2898 712 2936 124
742 2892 854 2937 erba
889 2893 942 2938 G.
1066 2893 1108 2938 d.
1141 2893 1356 2940 humores
1387 2894 1579 2940 hurinas
1611 2910 1653 2951 q.
1692 2896 1746 2940 G.
